4702 6030
162 384 230 452 528
509 384 548 450 ll.
592 383 832 451 Aromata·
849 382 1170 453 consessionis
1190 382 1504 453 AUGUSTANAE.
1546 384 1589 454 E.
1632 383 1825 453 ALTERA.
2106 388 2176 459 hili)

164 582 278 640 extant
303 573 520 638 immoderate
549 583 584 636 et
612 573 710 657 impie
743 572 868 656 scripta
901 573 943 637 de
976 583 1143 657 potestate
1194 572 1238 637 de
1259 593 1357 651 vera,
1380 571 1449 636 hoc
1471 586 1541 650 est,
1564 570 1725 657 spirituali
1747 574 1871 639 unitate
1893 569 2074 660 loquimur,
2098 578 2174 643 sine

162 656 281 724 Roma.
317 656 501 734 Pontificis,
523 667 663 740 propter
686 677 773 744 qaae
789 677 888 722 nemo
908 677 1052 744 vnqoam
1065 662 1153 722 reus'
1194 678 1260 743 qua
1281 677 1349 722 uon
1373 669 1485 741 potest
1507 659 1652 723 existere
1673 658 1759 722 fides
1777 659 1811 723 iu
1829 661 1945 736 corde,
1968 681 2027 726 seu
2040 663 2174 727 iusticia

162 740 276 810 lactus
300 756 362 807 est.
412 743 483 807 Nos
507 740 571 806 soli
594 739 784 826 plectimur,
812 744 891 829 quia
911 744 1143 828 praedicamus
1194 744 1305 808 cordis
1323 763 1438 808 coram
1455 743 1541 809 Deo.
1577 745 1629 809 Ad
1652 742 1741 809 hanc
1762 745 1902 809 dicimus
1923 764 1990 810 uon
2013 756 2092 812 esse
2112 767 2170 812 ne·

163 828 361 895 beneficium
384 827 526 907 Christi,
557 830 647 912 quod
676 827 742 894 fide
768 829 802 892 in
824 827 992 893 Christum
1023 847 1143 893 conse·
1193 830 1376 894 cessariam
1406 826 1649 895 similitudinem
1680 831 1800 894 rituum
1830 829 2065 913 humanorum,
2098 834 2174 897 siue

164 915 556 1018 quamupremissionetu
577 924 805 997 peecatorum,
828 935 895 979 non
918 912 1064 978 cultibus
1086 934 1143 978 ex·
1192 912 1442 1018 vniuersaliom,
1457 917 1538 1018 ,aine
1555 913 1816 999 particularium,
1840 917 1916 1000 quia
1933 916 2065 983 iusticia
2082 916 2171 999 fidei,

163 997 1142 1170 ttttttd,itttltt..ltbtllttttsdttlssttz
1192 998 2071 1172 titt?dt‘tttlttztsttt.tttttllttt,
2085 1015 2172 1174 ‘tt

163 1192 264 1258 quam
285 1190 425 1256 regnum
449 1168 668 1235 Pontificinm.
710 1170 784 1235 Nec
812 1181 866 1234 est
894 1171 937 1235 ud
961 1169 1142 1235 Pontifices
1192 1167 1249 1234 illa
1269 1170 1401 1235 iusticia
1423 1172 1555 1249 cordis,
1585 1183 1638 1235 est
1666 1191 1722 1236 res
1751 1169 1925 1237 viuificatts
1957 1176 2071 1238 corda.
2117 1171 2173 1236 Aa

164 1254 443 1333 transferendum,
465 1257 555 1342 quod
577 1257 620 1320 ad
642 1275 757 1321 veram
779 1251 966 1321 Ecclesiam
987 1257 1142 1339 pertinet,
1191 1252 1281 1320 hanc
1301 1253 1557 1322 viuilicationem
1580 1254 1662 1320 nihil
1691 1258 1882 1321 conducunt
1909 1255 2075 1322 humanae
2103 1267 2171 1324 tra·

164 1344 254 1429 quod
281 1339 439 1406 videlicet
465 1342 532 1405 sint
561 1340 736 1405 columnae
764 1342 929 1414 veritatis,
960 1342 1050 1426 qood
1073 1362 1141 1406 non
1192 1340 1355 1416 ditiones,
1382 1342 1454 1407 siue
1481 1339 1710 1420 uniuersales,
1738 1344 1810 1407 siue
1839 1343 2078 1427 particulares,
2108 1361 2173 1407 nec

166 1438 288 1494 errent.
340 1426 471 1500 Quotus
501 1427 643 1512 quisque
670 1427 756 1490 enim
787 1438 882 1491 corat
909 1424 1142 1512 Euangelium,
1192 1438 1270 1492 sunt
1292 1424 1431 1491 effeetus
1453 1429 1591 1511 spiritus
1613 1428 1734 1504 sancti,
1757 1429 1844 1493 sicut
1865 1430 2017 1502 castitas,
2039 1429 2172 1512 pacien-

164 1527 224 1582 aut
246 1513 369 1579 iudicat
390 1513 526 1598 dignum
548 1531 625 1577 esse
646 1508 812 1577 lectione?
844 1509 941 1575 Molli
963 1512 1062 1578 etiarn
1084 1534 1141 1597 pa·
1192 1513 1249 1591 tia,
1271 1514 1369 1576 timor
1379 1510 1456 1590 Dei,
1479 1511 1780 1597 dilectioprcximi‚
1800 1525 1833 1577 et
1852 1533 1955 1599 opera
1969 1512 2172 1578 dilectionis.

167 1596 234 1664 lam
256 1599 392 1664 irrident
414 1595 594 1683 religiones
617 1616 744 1673 omnes,
766 1608 824 1662 aut
842 1597 871 1660 si
889 1598 967 1683 quid
984 1601 1141 1682 probant,
1280 1597 1351 1661 Nec
1372 1595 1467 1663 leues
1491 1618 1616 1664 causae
1637 1596 1783 1675 fuerunt,
1806 1619 1866 1664 cur
1888 1601 1978 1664 hanc
1995 1597 2173 1664 articulum

187 1688 308 1749 rabant
329 1682 388 1747 illa
434 1704 496 1747 oae
513 1685 1141 1762 humanaerationiconsentaneasuut‚
1190 1701 1402 1767 poneremus.
1437 1682 1577 1749 Constat
1599 1685 1685 1748 enim
1708 1680 1831 1749 multas
1853 1682 1975 1750 stultas
1998 1685 2174 1770 opiniones

163 1702 308 1837 Eaetera
337 1703 493 1834 sabulosa
520 1787 598 1834 esse
627 1769 848 1847 arbitrantur,
879 1779 912 1833 et
934 1766 1052 1834 similia
1074 1781 1140 1833 tra·
1191 1770 1234 1834 de
1254 1767 1487 1834 traditionibus
1517 1770 1686 1854 serpsisse
1713 1769 1747 1833 in
1771 1767 1968 1836 Ecclesiam.
2012 1766 2174 1835 Nonnulli

166 1855 298 1943 goedijs
312 1852 502 1919 Poetarum.
535 1852 648 1926 Quare
669 1874 731 1918 nos
753 1855 847 1918 iuxta
864 1854 1047 1938 scripturas
1065 1872 1140 1919 seu·
1189 1864 1389 1938 putauerunt
1410 1851 1572 1919 humanas
1595 1854 1805 1933 traditiones,
1828 1856 2041 1921 necessarios
2064 1852 2174 1920 cultus

163 1943 263 2007 timos
277 1937 463 2004 Ecclesiam
474 1938 609 2024 proprie
620 1940 741 2004 dictam
753 1958 830 2004 esse
846 1940 1140 2026 congregationem
1190 1958 1268 2004 esse
1300 1940 1343 2004 ad
1375 1939 1629 2022 promerendam
1656 1939 1934 2005 iustificationem.
1984 1940 2027 2005 Et
2054 1953 2175 2026 postea

76 2100 78 2105 ¹
165 2038 372 2103 sanctorum,
394 2027 449 2109 qui
471 2044 552 2089 vere
576 2025 714 2089 credunt
736 2022 919 2111 Euangelio
942 2023 1083 2101 Christi,
1106 2036 1139 2089 et
1189 2025 1462 2110 disputauerunt,
1491 2026 1546 2110 qui
1569 2024 1681 2104 lieret,
1703 2027 1793 2110 quod
1817 2038 1909 2091 tanta
1932 2028 2094 2091 varietate
2116 2047 2175 2092 co·

164 2113 291 2179 habent
312 2109 463 2194 spiritum
485 2122 647 2175 sanctum.
681 2109 723 2175 Et
741 2108 1139 2176 tamentatemnrmnltos
1188 2109 1314 2176 leretur
1336 2109 1440 2192 Deos,
1463 2111 1664 2196 quasivero
1686 2113 1941 2175 obseruationes
1963 2109 2043 2177 illae
2061 2121 2177 2176 esseut

165 2197 358 2285 hypocritas
381 2206 422 2261 et.
436 2193 542 2260 malco
565 2194 617 2259 his
639 2196 673 2259 iu
694 2195 760 2260 hac
782 2197 849 2261 vita
869 2197 1053 2276 admixtas,
1082 2196 1138 2261 ha
1190 2194 1319 2273 cultus,
1346 2204 1381 2260 et
1401 2216 1467 2260 non
1517 2197 1604 2260 otius
1627 2208 1784 2261 externae
1806 2208 1840 2260 et
1865 2195 2022 2280 politicae
2042 2196 2176 2263 ordina·

165 2286 248 2350 bere
281 2282 477 2347 societatem
510 2290 721 2346 externorum
753 2283 942 2365 signorum,
977 2282 1033 2367 qui
1062 2292 1141 2347 suut
1189 2285 1316 2360 tiones,
1347 2277 1429 2346 nihil
1461 2301 1482 2345 a
1531 2282 1695 2348 iusticiam
1724 2282 1838 2346 cordis
1865 2302 1928 2348 seu
1956 2280 2079 2348 cultum
2110 2279 2176 2346 Dei

165 2370 313 2435 membra
323 2364 497 2433 Ecclesiae
509 2367 692 2430 secandum
713 2368 906 2432 societatem
929 2380 1141 2433 externorum
1189 2368 1405 2453 pertinentes,
1427 2386 1514 2451 quae
1536 2365 1615 2432 alibi
1638 2387 1731 2446 casu,
1753 2366 1833 2432 alibi
1854 2379 1992 2453 propter
2014 2369 2177 2453 quasdam

166 2457 349 2542 signorum.
383 2451 529 2537 ideoque
551 2463 671 2536 gerant
693 2448 805 2516 officia
826 2453 860 2515 in
883 2448 1047 2531 Ecclesia,
1068 2452 1141 2517 Nec
1190 2449 1384 2537 probabiles
1409 2453 1558 2516 rationes
1585 2453 1726 2517 variant.
1776 2456 1856 2519 item
1885 2451 1970 2518 aliae
1991 2449 2177 2531 Ecclesiae,

166 2542 280 2606 adimit
306 2537 524 2602 sacramentis
552 2533 754 2614 efficaciam,
778 2538 867 2622 qaod
895 2557 956 2621 per
985 2537 1140 2624 indignos
1190 2535 1276 2603 alias
1297 2548 1435 2620 propter
1456 2535 1544 2600 tales
1566 2539 1763 2604 traditiones
1792 2540 2178 2616 exeommunicaoeront,

165 2635 363 2700 tractantur,
384 2623 489 2706 qoiar
533 2632 705 2686 resentant
717 2621 841 2687 Christi
852 2641 1044 2705 personam,
1064 2642 1141 2706 pro·
1190 2635 1228 2688 vt
1248 2633 1385 2706 propter
1406 2622 1674 2686 obseruationem
1697 2624 1867 2700 Pascatis,
1888 2625 2037 2707 picturas
2060 2636 2094 2690 et
2116 2641 2174 2690 res

164 2722 241 2799 pter
263 2708 474 2774 vocationem
524 2703 687 2790 eclesiae,
717 2728 785 2772 non
811 2716 1045 2793 representant
1064 2727 1141 2791 pro·
1192 2704 1329 2772 similes.
1374 2704 1473 2771 Vnde
1502 2706 1642 2792 imperiti
1671 2709 1961 2787 existimauerunt,
1990 2707 2088 2773 fidem
2113 2728 2177 2773 seu

165 2798 257 2882 prius
276 2811 453 2878 personas,
474 2792 844 2871 attestaturtlbristus,
866 2791 930 2867 Qui
952 2811 1017 2857 vos
1037 2794 1140 2871 audit,
1190 2792 1356 2858 iusticiam
1389 2791 1501 2856 cordis
1534 2811 1649 2857 coram
1680 2791 1772 2870 Deo,
1805 2812 1872 2857 nan
1900 2812 2004 2875 posse
2032 2796 2178 2860 existere

165 2901 219 2946 me
240 2880 340 2946 audit.
385 2878 468 2944 Cum
496 2876 634 2944 verbu'rn
656 2876 800 2959 Christi,
828 2897 903 2943 eum
931 2889 1142 2945 sacramenta
1192 2879 1265 2943 sine
1286 2875 1339 2942 his
1361 2877 1664 2943 obseruationibus.
1708 2877 1832 2943 Extant
1858 2880 1944 2942 enim
1966 2880 2008 2943 de
2029 2878 2096 2944 hoc
2118 2898 2178 2944 ne·

165 2969 353 3113 porriqont,
375 2961 500 3029 Christi
522 2965 597 3029 vice
620 2976 652 3029 et
675 2963 753 3029 loco
775 2966 960 3050 porrigunt.
995 2965 1143 3030 lddocet
1192 2965 1293 3050 gneio
1330 2959 1433 3028 multa
1471 2965 1583 3048 inepta
1621 2963 1748 3048 scripta
1784 2963 2037 3029 Summistaruru
2052 2967 2107 3042 ⁶⁴)
2143 2974 2179 3029 et

165 3070 230 3117 nos
260 3048 319 3115 rla
349 3069 416 3115 vox
445 3048 588 3128 Christi,
620 3069 663 3114 ne
695 3050 891 3136 indignitate
917 3049 1142 3116 ministrorum
1191 3047 1342 3117 aliorum

167 3134 384 3203 offendamur.
419 3135 488 3200 Sed
512 3137 554 3201 de
575 3134 640 3199 hac
662 3153 701 3198 re
721 3137 806 3200 satis
829 3133 921 3202 clare
943 3135 1085 3200 diximus
1108 3137 1142 3199 in
1280 3135 1349 3201 Sed
1371 3134 1460 3198 sicut
1480 3131 1652 3198 dissimilia
1681 3153 1699 3198 s
1724 3134 1798 3200 acia
1818 3135 1946 3199 dierum
1967 3153 2010 3199 ac
2031 3135 2178 3202 noctium

167 3218 394 3298 confessione,
414 3240 478 3285 nos
500 3223 691 3306 improbare
708 3218 918 3299 Donatistae,
942 3230 976 3285 et
995 3219 1143 3308 Vigleui·
1192 3240 1263 3288 nou
1293 3216 1431 3285 laedunt
1458 3221 1615 3283 unitatem
1636 3155 1827 3297 Ecclesiae,
1856 3221 1906 3287 lta
1926 3220 2087 3284 sentimus
2109 3239 2179 3286 nou

165 3317 256 3384 stas,
284 3305 339 3391 qui
367 3319 545 3371 senserunt
574 3305 727 3371 homines
773 3326 909 3383 eccere,
938 3307 1142 3391 accipientes
1194 3304 1281 3373 laedi
1303 3325 1418 3371 veram
1439 3305 1598 3368 unitatem
1620 3303 1796 3371 Ecclesiae
1819 3301 2036 3371 dissimilibus
2059 3306 2179 3372 ritibus

166 3401 378 3458 sacramenta
399 3392 442 3455 ab
460 3391 607 3479 indignis
625 3392 659 3455 in
678 3326 842 3458 Ecclesia.
875 3389 967 3457 llaec
990 3391 1024 3455 iu
1046 3412 1143 3476 prae·
1193 3392 1350 3458 institutis
1376 3390 1419 3455 ab
1446 3387 1646 3456 hominibus.
1701 3389 1898 3477 Quanquam
1924 3388 2039 3475 placet
2067 3393 2178 3470 uobis,

166 3478 275 3542 sentia
298 3477 494 3541 videbantur
516 3474 674 3542 sufficere
697 3477 741 3541 ad
763 3474 991 3542 defensionem
1016 3479 1143 3542 descri·
1185 3490 1230 3545 vvt
1262 3473 1473 3543 uniuersales
1504 3476 1606 3557 ritus,
1638 3487 1775 3560 propter
1804 3475 2079 3561 tranquillitatem
2108 3497 2178 3542 eer-

166 3563 289 3651 ptionis
301 3559 475 3628 Ecclesiae
487 3582 585 3648 quam
606 3563 809 3628 tradidimus·
842 3562 959 3648 Neque
980 3561 1143 3643 videmus,
1193 3573 1323 3628 nentur.
1368 3560 1465 3626 Sicut
1485 3571 1520 3626 et
1540 3580 1604 3626 nos
1624 3563 1659 3626 in
1680 3559 1858 3648 Ecclesijs,
1880 3561 2029 3646 ordinem
2041 3561 2180 3641 Missae,

174 3667 250 3715 eum
261 3645 416 3713 Ecclesia
436 3649 571 3733 proprie
592 3648 691 3726 dicto,
712 3644 897 3733 appelletur
914 3648 1144 3733 corpusGhri·
1194 3650 1280 3715 diem
1304 3646 1532 3725 Domiulcutn,
1565 3657 1600 3714 et
1630 3646 1717 3711 alias
1745 3648 1817 3712 dies
1844 3647 1950 3713 festos
1974 3645 2178 3712 celebriores

166 3735 228 3813 sti,
258 3734 425 3819 quomodo
448 3733 545 3798 aliter
567 3735 788 3799 describenda
809 3730 923 3813 fuerit,
955 3755 1054 3820 quam
1080 3753 1144 3801 nos
1193 3732 1337 3801 libenter
1362 3751 1558 3810 seruaturus,
1587 3730 1630 3798 Et
1657 3734 1847 3818 gratissimo
1875 3734 1984 3799 anima
2007 3731 2177 3816 amplecti·

167 3819 420 3904 descripsimus.
470 3819 611 3885 Constat
633 3820 721 3885 enirn
744 3821 863 3904 impios
884 3821 928 3885 ad
950 3839 1089 3907 regnum
1111 3831 1145 3886 et
1195 3841 1268 3885 utar
1289 3817 1389 3884 vrttes
1410 3839 1453 3884 ac
1475 3831 1606 3882 veteres
1628 3819 1866 3898 ordinationes,
1889 3819 2086 3903 praesertim
2103 3838 2179 3884 eom

169 3925 294 3989 corpus
318 3901 445 3968 diaboli
466 3906 649 3987 pertinere,
694 3905 728 3970 ui
750 3903 888 3989 impellit
916 3915 949 3968 et
970 3906 1072 3969 hahet
1090 3925 1144 3970 ca·
1196 3905 1387 3969 contineant
1414 3903 1676 3989 paedagogium,
1703 3926 1770 3990 qua
1797 3905 1936 3990 prodest
1962 3903 2122 3989 populum
2143 3913 2177 3969 et

166 3991 278 4077 ptlucs
299 3990 430 4073 impios.
473 3989 566 4054 llaec
588 3926 764 4055 suntloce
786 3988 967 4054 meridiana
987 3986 1144 4068 clariora,
1194 3989 1365 4073 imperitos
1393 3986 1610 4051 assuefacere
1639 4010 1681 4054 ac
1710 3991 1854 4068 docere,
1883 3990 1952 4054 Sed
1975 4012 2043 4056 nan
2066 3990 2178 4074 dispu-

170 4095 257 4163 quae
280 4087 389 4140 tamen
412 4075 441 4139 si
464 4085 603 4160 pergent
625 4074 818 4140 calumniari
846 4074 1048 4160 aduersarij,
1076 4093 1145 4139 nou
1194 4085 1304 4138 tamus
1336 4091 1443 4149 nuuc,
1472 4091 1515 4135 an
1549 4073 1717 4139 condocet
1742 4088 1879 4160 propter
1907 4072 2178 4160 tranquillitatem

172 4162 386 4250 grauabimur
407 4161 578 4246 copiosius
601 4161 817 4247 respondere.
1194 4170 1253 4224 eut
1286 4155 1496 4241 corporalem
1528 4153 1700 4223 vtilitatem
1733 4179 1882 4225 seruare.
1927 4157 2005 4224 Alie
2031 4179 2086 4223 res
2107 4158 2177 4245 agi·

255 4246 422 4312 Damnent
449 4247 634 4332 aduersarij
664 4258 697 4311 et
727 4245 816 4312 hauc
836 4255 976 4330 partem
1006 4243 1144 4328 Septimi
1195 4257 1265 4322 tur,
1297 4243 1495 4327 Disputatur
1523 4243 1628 4321 enim,
1655 4242 1772 4310 Vtrum
1800 4246 2054 4310 obsemationes
2075 4246 2178 4310 tradi·

169 4333 314 4410 articuli,
337 4333 426 4418 quod
448 4334 587 4399 diximus
609 4334 652 4397 ad
664 4344 778 4397 veram
790 4333 946 4397 mitatem
956 4327 1143 4407 Ecclesiae,
1195 4331 1320 4396 tionum
1342 4328 1560 4395 humanarum
1589 4329 1656 4393 sint
1678 4327 1790 4396 cultus
1812 4332 1996 4416 necessarij
2019 4331 2062 4395 ad
2085 4331 2178 4395 iasti-

170 4419 255 4484 satis
277 4437 356 4485 esse
378 4420 570 4484 consentire
592 4418 633 4482 de
654 4418 806 4484 doctrina
822 4414 1010 4503 Euangelij,
1031 4429 1064 4482 et
1085 4416 1144 4480 ad·
1195 4417 1279 4482 ciam
1302 4434 1414 4480 coram
1432 4413 1520 4493 Deo,
1544 4414 1617 4479 Hoc
1638 4426 1691 4480 est
1712 4416 1884 4501 κρινόμενον
1905 4416 1939 4480 in
1961 4416 2027 4481 hao
2043 4425 2177 4482 conco·

169 4504 415 4571 ministratione
426 4517 721 4582 sacramentorum,
738 4522 955 4569 necnecesse
966 4522 1054 4582 esse,
1073 4503 1143 4568 vbi·
1193 4502 1316 4579 uersia,
1335 4520 1402 4585 quo
1420 4500 1614 4576 constituto,
1636 4511 1754 4583 pastea
1766 4502 1903 4566 indicari
1915 4512 2038 4584 potest,
2056 4499 2178 4567 Vtrum

170 4609 236 4677 que
253 4587 379 4654 similes
397 4591 591 4655 traditiones
608 4589 772 4655 humanas
791 4609 879 4667 esse,
900 4608 962 4654 seo
983 4591 1066 4654 ritus
1088 4595 1145 4653 aut
1194 4589 1238 4653 ad
1260 4607 1373 4652 reram
1394 4586 1552 4650 unitatem
1574 4582 1748 4651 Ecclesiae
1770 4605 1911 4653 necesse
1929 4588 1972 4651 sit
1993 4588 2115 4673 ubique
2133 4587 2177 4651 si·

141 4677 379 4742 ,ceremonias
390 4677 433 4741 ab
444 4677 632 4741 bominibus
644 4673 822 4741 institutas.
858 4675 921 4741 Hie
941 4675 1145 4758 distinguunt
1194 4674 1291 4740 miles
1318 4690 1397 4737 esse
1417 4672 1614 4738 traditiones
1638 4674 1811 4738 humanas.
1855 4673 1892 4737 Si
1920 4674 2007 4737 enim
2027 4672 2177 4738 traditio·

169 4759 379 4827 uniuersales
401 4772 434 4825 et
458 4759 680 4846 particulares
707 4761 808 4839 ritus,
836 4772 869 4825 et
895 4762 1039 4845 probant
1070 4759 1145 4825 arti·
1195 4779 1257 4827 nes
1279 4757 1442 4823 humanae
1469 4777 1538 4821 nou
1564 4769 1644 4822 sunt
1670 4757 1779 4823 cultus
1801 4759 1985 4843 neeessarij
2014 4760 2059 4824 ad
2083 4757 2176 4823 iusti·

170 4844 280 4912 colom
301 4858 462 4926 nostrum,
486 4849 513 4911 si
537 4844 739 4932 intelligatur
757 4846 798 4910 de
809 4843 1066 4930 particularibus
1079 4847 1144 4910 riti·
1196 4847 1280 4911 dam
1308 4863 1420 4908 coram
1450 4840 1545 4922 Deo,
1573 4841 1729 4929 Sequitur
1755 4862 1857 4928 posse
1883 4845 1992 4911 iustos
2025 4854 2059 4909 et
2085 4841 2176 4907 hlros

168 4934 251 5010 bus,
285 4932 340 4996 De
371 4931 616 4998 vuinersalibus
644 4934 779 5009 ritibus,
810 4953 877 4996 ncn
912 4932 1083 5016 recipiunt.
1100 4934 1145 5009 ⁶⁸)
1198 4930 1261 4996 Dei
1294 4948 1388 5007 esse,
1422 4930 1521 4994 etiam
1548 4928 1579 4992 si
1607 4949 1691 5014 quas
1720 4930 1913 4995 traditiones
1944 4950 2011 4995 nan
2038 4927 2175 5006 habeut,

169 5019 247 5084 Non
269 5020 352 5084 setis
373 5015 587 5106 intelligimus
609 5019 689 5105 qnid
709 5013 813 5084 velint
840 5017 1044 5105 aduersarij,
1073 5017 1145 5085 Nos
1198 5036 1282 5103 qaae
1315 5013 1395 5079 alibi
1427 5024 1583 5099 receptae
1614 5025 1703 5080 sunt.
1759 5013 1804 5081 Vt
1834 5017 1864 5080 si
1891 5013 2001 5082 forma
2033 5015 2177 5081 restitus

170 5170 378 5189 aa*
1196 5186 1405 5204 --

170 5291 219 5359 aa)
235 5291 386 5358 recipiunt]
403 5290 454 5343 uo.
470 5294 514 5343 r..
532 5292 690 5359 ereptant.
1198 5289 1246 5359 st)
1263 5286 1471 5359 smnamml
1489 5288 1540 5342 re
1558 5291 1583 5343 a
1602 5297 1655 5360 op.
1672 5305 1736 5345 νιν
1753 5290 1942 5345 sumnam

374 5407 805 5456 nmmomrcamu.
1931 5389 1968 5444 ⁸⁴
