4694 6038
158 375 226 453 stt
559 407 564 438 .-
611 371 849 453 rannac.
870 312 1058 441 susurra
1076 367 1428 451 poossumus
1449 368 1724 481 sunnonem
2107 373 2177 455 usa

161 560 353 634 Germanici
385 582 455 628 non
482 572 536 628 est
562 557 672 628 cultus
694 558 759 626 Dei
784 561 998 637 necessarius
1026 561 1071 625 ad
1098 560 1146 624 in·
1194 555 1304 624 solnm
1331 559 1501 635 docendo,
1527 559 1590 624 sed
1616 559 1715 631 niam
1741 549 1801 644 per
1827 557 1913 626 baec
1935 557 2089 646 exempla
2108 580 2177 631 ute·

162 650 292 715 stisiam
316 666 429 715 coram
450 647 537 726 Deo,
561 648 718 732 Sequitur
739 666 842 732 posse
863 651 971 715 iustos
992 666 1034 712 ac
1055 644 1145 711 filios
1195 644 1332 709 moriam
1349 645 1563 711 maximarum
1581 666 1693 713 retum
1711 647 1880 713 traderent
1891 647 2047 732 posteris.
2072 645 2176 723 ,Quod

164 733 230 802 Dei
246 747 281 800 ct
303 731 493 800 Ecclesiam
514 731 638 799 Christi
660 753 755 812 esse,
779 734 877 801 etlam
901 735 931 802 si
956 733 989 798 ui
1010 743 1145 798 utantur
1195 731 1226 794 si
1253 728 1339 796 baec
1367 731 1488 799 tradita
1512 743 1606 809 sunt,
1627 742 1785 816 tanquam
1804 733 1996 798 necessaria
2018 733 2061 797 ad
2083 733 2177 800 insti·

164 843 233 889 non
265 818 483 897 Germanico,
516 822 577 884 sed
605 816 736 885 Gallico
769 820 901 885 vestitu.
977 838 1020 885 oc
1052 815 1145 883 clare
1196 815 1395 896 ficationem,
1416 837 1477 882 cur
1489 817 1523 882 in
1535 815 1589 880 his
1600 817 1681 901 ipsis
1694 829 1814 902 postea
1826 813 1928 882 multa
1939 822 2176 899 mutaruntii)

163 908 266 974 docet
286 904 412 971 Paulus
433 908 477 970 ad
499 903 735 984 colossenses,
757 927 833 972 cum
854 907 910 970 ait·
952 904 1060 971 Nemo
1080 923 1144 969 vos
1194 900 1374 986 Episcopi?
1427 900 1584 975 Quodsi
1616 915 1712 968 erant
1740 902 1826 968 luris
1847 904 1966 982 diuini,
1991 923 2059 969 nou
2081 901 2177 971 licuit

163 992 288 1059 iudicet
308 992 343 1057 in
365 992 452 1070 cibo,
474 1003 531 1057 ant
552 992 585 1056 in
607 1003 698 1076 potu,
720 1001 778 1056 ant
798 992 831 1055 in
852 1001 949 1077 parte
970 991 1035 1056 diei
1055 986 1145 1068 sesti,
1196 1007 1238 1052 ea
1259 999 1386 1054 mnmre
1407 990 1581 1053 autoritate
1600 989 1756 1067 bumana,
1777 986 1890 1054 Pasca
1907 1001 1985 1055 ante
2002 989 2177 1074 synodum

165 1090 224 1145 sut
247 1077 456 1155 neomeniae,
482 1089 539 1142 aut
562 1078 799 1156 sabbatorum,
820 1096 908 1162 quae
927 1088 1008 1142 sunt
1028 1078 1146 1142 umbra
1194 1072 1366 1152 Nicenem,
1388 1070 1445 1159 alij
1467 1071 1533 1139 elio
1554 1086 1705 1159 tempora
1726 1077 1917 1141 seruabant.
1956 1074 2076 1160 Neque
2092 1076 2178 1143 baca

165 1162 367 1241 futurorum,
389 1182 512 1247 corpus
534 1175 643 1228 autem
668 1160 803 1228 Christi.
852 1162 944 1239 ltem,
966 1162 1003 1228 Sl
1024 1161 1146 1229 mortni
1194 1157 1428 1228 dissimilitudo
1456 1156 1556 1225 laesit
1583 1158 1693 1226 iidem.
1748 1160 1872 1227 Postea
1898 1162 1982 1227 ratio
2010 1162 2093 1226 inita
2113 1171 2177 1241 est,

167 1251 249 1315 estis
270 1269 344 1312 oum
367 1245 503 1316 Christo
524 1250 567 1316 ab
591 1245 762 1314 elementis
783 1248 913 1325 mnndi,
935 1249 1014 1333 qnid
1034 1248 1146 1315 adbuc
1196 1264 1239 1311 ne
1269 1245 1432 1313 incideret
1463 1259 1616 1311 nostrum
1648 1246 1761 1312 Pasce
1791 1249 1825 1313 in
1864 1246 1987 1313 {udaiei
2019 1245 2177 1313 Pascetis

167 1347 323 1419 tanquam
349 1334 501 1399 uiuentes
527 1336 650 1400 mundo
671 1335 805 1399 decreta
832 1331 952 1400 facitis.
995 1333 1048 1400 lle
1075 1334 1147 1399 teti·
1196 1342 1338 1413 tempus.
1381 1332 1428 1396 At
1454 1328 1610 1416 Apostoli
1642 1333 1811 1399 iusserant
1837 1329 2010 1398 Ecclesiae
2037 1353 2177 1401 seruare

166 1420 280 1507 geritis
313 1439 422 1503 neque
452 1421 682 1506 gustuueritis,
714 1440 823 1503 neque
844 1420 1145 1499 contrectsucritis,
1196 1414 1323 1498 Pasce,
1351 1435 1427 1483 cum
1454 1414 1614 1485 iratribus
1635 1420 1809 1484 conuersis
1831 1439 1875 1483 ex
1897 1417 2075 1483 ludaismo.
2116 1417 2177 1484 lte

167 1524 254 1591 qnae
275 1506 386 1569 omnia
407 1519 557 1590 pereum,
580 1525 643 1571 vsu
665 1517 877 1589 consumpta,
899 1517 933 1570 et
955 1517 1033 1572 sunt
1053 1525 1145 1589 prae
1195 1522 1260 1652 §ue
1280 1501 1370 1569 bunc
1391 1520 1517 1567 morem
1538 1506 1702 1588 quaedam
1722 1515 1841 1589 gentes
1860 1506 2080 1654 pertinaciter
2101 1514 2179 1589 post

167 1597 265 1675 cepta
287 1601 321 1655 et
344 1591 516 1658 doctrinae
538 1592 726 1668 hominnm,
748 1593 894 1675 speciem
915 1591 1072 1659 habentia
1094 1610 1145 1654 sa·
1221 1589 1367 1674 ynodum
1389 1587 1550 1655 Nicennm
1572 1591 1787 1668 retinuerunt,
1808 1599 1845 1655 vt
1875 1591 2028 1657 udnicnn
2045 1601 2177 1675 tempus

167 1678 310 1761 pientiae
341 1676 376 1741 in
407 1678 651 1763 supersticione
679 1689 713 1742 et
739 1673 930 1742 bumilitate.
974 1675 1038 1742 Est
1059 1677 1144 1741 enim
1196 1676 1430 1740 obserassent.
1492 1673 1619 1740 Verum
1651 1672 1807 1760 Apostoll
1849 1676 1985 1741 decreto
2017 1672 2078 1741 illo
2112 1696 2179 1745 noa

166 1763 349 1839 seuwnoia,
371 1784 446 1827 curn
467 1764 599 1830 iusticia
616 1763 729 1828 cordis
751 1762 795 1826 sit
815 1783 871 1827 res
883 1760 1078 1848 spiritualis,
1098 1762 1146 1828 vi·
1195 1757 1375 1825 voluerunt
1396 1758 1562 1845 licclesijs
1579 1762 1749 1846 imponere
1765 1764 2011 1840 necessitatem,
2032 1762 2072 1827 ld
2089 1760 2179 1848 quod

167 1847 307 1914 nilicens
328 1849 450 1926 corda,
480 1861 514 1914 et
535 1860 681 1935 constet,
704 1848 793 1934 qnod
814 1849 1012 1915 traditiones
1031 1849 1146 1914 buma-
1196 1847 1302 1911 verba
1322 1843 1459 1911 Decreti
1487 1855 1662 1912 testantur.
1706 1846 1823 1913 lubent
1845 1848 1931 1913 enim
1957 1849 2099 1933 nequis
2121 1870 2176 1914 ce·

167 1953 233 1998 nae
253 1953 321 1998 non
343 1933 510 1999 viuidcent
531 1936 652 2013 corda,
676 1953 740 2000 nec
761 1935 828 1999 sint
848 1933 989 2001 allectus
1010 1934 1147 2020 spiritus
1196 1943 1267 2008 ret,
1300 1931 1400 1997 etiem
1431 1931 1462 1995 si
1486 1929 1609 1998 iratres
1639 1946 1816 1998 sementes
1841 1932 1965 2012 Pasce,
1994 1953 2065 1999 non
2088 1944 2179 2003 recte

167 2019 287 2098 saneti,
309 2019 395 2084 sicut
418 2017 554 2086 dilectio
577 2019 733 2106 proximi,
749 2020 890 2086 castitas
908 2032 973 2086 etc.
995 2041 1060 2086 nec
1080 2020 1148 2086 sint
1196 2027 1375 2102 supputent
1396 2029 1537 2101 tempus.
1573 2017 1689 2083 Verba
1704 2017 1843 2085 Decreti
1865 2029 1980 2085 extant
1996 2021 2086 2104 apud
2105 2019 2179 2104 Epi·

166 2106 384 2171 instrumente
410 2126 472 2190 per
500 2125 587 2190 quae
607 2104 703 2173 Deus
730 2117 843 2172 monet
868 2107 974 2174 corda
999 2107 1043 2172 ad
1075 2125 1147 2170 cre·
1196 2100 1364 2188 phaniurn.
1407 2100 1494 2183 ὑμεῖς
1523 2101 1567 2183 pri
1599 2106 1763 2188 ψηφιζιιι,
1794 2102 1872 2170 ἀλλὰ
1894 2112 2026 2185 sursise,
2060 2099 2179 2169 itast

168 2191 329 2267 desidum,
350 2191 437 2256 siout
457 2193 595 2259 verbum
617 2208 651 2257 et
672 2203 883 2258 sacramenta
904 2192 1060 2259 diuinitus
1081 2201 1148 2256 tra·
1196 2187 1321 2277 ἀδελφοὶ
1342 2186 1447 2269 inde,
1470 2192 1499 2253 oi
1518 2194 1552 2253 is
1570 2195 1745 2275 περιτομῆς,
1765 2189 1831 2271 μετ’
1852 2189 1950 2255 abeis
1970 2186 2038 2271 ἅμα
2058 2198 2179 2271 suabe,

168 2277 249 2354 dita,
269 2277 331 2341 sed
353 2276 420 2340 sint
442 2297 525 2342 rsus
544 2299 655 2343 rerum
671 2275 754 2342 nihil
774 2277 890 2342 adcor
904 2279 1148 2363 pertinentium,
1195 2274 1282 2340 adsis
1313 2276 1500 2353 πλανιθῶσι
1536 2275 1628 2356 μηδὲν
1659 2275 1729 2356 ripis
1756 2281 1882 2355 peteo.
1934 2277 2029 2342 llaec
2063 2278 2179 2343 scribit

167 2379 255 2447 quae
283 2381 347 2426 vsu
378 2373 535 2445 pereant,
565 2383 633 2429 non
655 2374 707 2439 est
734 2364 947 2429 senciendum
968 2364 1059 2449 quod
1079 2364 1148 2427 sint
1196 2358 1401 2446 Epiphanius
1439 2362 1544 2426 verba
1580 2381 1659 2428 esse
1689 2359 1931 2445 Apostolorum
1962 2362 1997 2428 in
2030 2359 2178 2429 [teneo

163 2447 378 2514 necessariae
405 2448 448 2512 ad
475 2448 639 2514 iusticiam
666 2469 783 2515 coram
809 2447 897 2515 Deo.
946 2447 989 2514 Et
1015 2449 1049 2514 in
1071 2468 1147 2514 esu·
1196 2445 1341 2531 quedem
1369 2446 1482 2529 posita
1509 2447 1552 2512 de
1576 2447 1736 2526 Pascate,
1762 2448 1940 2533 inquibus
1962 2448 2113 2533 prudens
2131 2445 2177 2514 le·

165 2532 240 2598 dem
267 2533 473 2598 sentenciam
506 2534 610 2620 inquit
637 2532 733 2599 Rom.
760 2534 841 2639 xiiij.
895 2533 1048 2621 Regnum
1080 2533 1146 2600 Dei
1196 2545 1270 2597 ctor
1295 2528 1396 2598 facile
1422 2543 1535 2615 potest
1562 2533 1709 2598 iudicare
1731 2530 1918 2617 Apostolos
1946 2531 2101 2601 voluisse
2120 2555 2178 2619 po·

163 2638 234 2683 non
256 2630 308 2683 est
330 2638 411 2685 esca
433 2631 465 2683 et
486 2632 603 2704 potus,
630 2621 692 2684 sed
713 2621 846 2687 iustiora
867 2630 901 2686 et
921 2640 987 2706 pax
1006 2633 1043 2689 st
1063 2640 1145 2706 gno·
1195 2614 1273 2702 pulo
1302 2614 1438 2683 stultam
1467 2619 1655 2702 opinionem
1689 2619 1731 2684 de
1758 2620 1960 2691 necessitate
1986 2622 2072 2685 certi
2098 2631 2177 2685 tem·

164 2704 254 2770 diurn
285 2704 319 2766 iu
352 2703 468 2787 spiritu
495 2717 625 2770 sonmo.
674 2703 744 2771 Sed
764 2724 833 2773 non
855 2717 908 2772 est
931 2726 1018 2792 opus
1041 2707 1145 2771 citare
1195 2704 1287 2788 poris
1316 2703 1479 2777 eximere,
1507 2725 1583 2771 cunr
1611 2702 1788 2788 probibent
1816 2724 1955 2785 curere,
1973 2704 2072 2771 etiam
2094 2706 2124 2771 si
2144 2707 2178 2773 h

162 2786 267 2856 multa
283 2790 479 2865 testimonie,
500 2812 577 2857 cum
598 2791 721 2876 ubique
739 2793 808 2857 siut
828 2794 930 2858 obuia
948 2793 983 2857 in
1003 2793 1146 2876 scriptu·
1194 2789 1404 2875 supputando
1427 2801 1567 2859 erem.
1615 2789 1724 2856 Porro
1751 2790 1884 2876 quidem
1906 2793 1942 2857 in
1962 2793 2104 2872 oriente,
2123 2792 2180 2881 qui

162 2876 230 2955 ris,
251 2885 285 2940 et
317 2894 381 2940 nos
410 2873 551 2960 plurima
580 2877 613 2942 in
636 2873 851 2943 consessione
873 2878 1145 2964 congesserimus
1194 2874 1339 2943 Aadiani
1358 2872 1517 2959 appellati
1538 2887 1616 2941 sunt
1637 2877 1681 2942 ab
1703 2888 1819 2944 autore
1841 2878 2019 2962 dogmatis,
2040 2889 2179 2962 propiet

161 2961 197 3027 in
223 2961 465 3046 posterioribus
493 2960 655 3029 articulis.
698 2960 743 3028 Et
769 2963 867 3029 buius
893 2963 1144 3032 conmonersise
1193 2960 1262 3026 hcc
1282 2962 1455 3029 decretum
1476 2959 1716 3046 Apostolorum
1739 2964 1979 3029 contenderunt
1998 2961 2178 3043 Pesoa⁶⁶)

161 3043 928 3201 ttitbmi‘ettilteittitfiiii
950 3049 1144 3201 iiiiii
1194 3045 1783 3200 ibiltiti‘itii“:t·t
1814 3050 1888 3200 iti
1899 3043 2178 3201 „l'rfflfflli

161 3218 1000 3392 ttrwiti:
1013 3217 1144 3375 ete
1192 3153 1500 3384 {struet
1519 3154 2178 3373 richuinum

215 3408 254 3453 es
276 3327 487 3468 crucicolas,
514 3351 799 3457 ideo'scrumms
820 3410 916 3471 esse,
959 3392 1014 3458 nia
1035 3393 1143 3459 existi·
1193 3400 1275 3475 gant
1294 3323 1450 3470 nmis,
1473 3400 1508 3457 et
1527 3327 1764 3476 interpresltnl
1788 3393 1826 3462 in
1848 3393 1938 3458 banc
1959 3393 2176 3471 sentenciam,

160 3486 293 3540 menter
317 3477 361 3540 ab
389 3472 566 3560 Apostolis
593 3478 735 3543 traditae
761 3497 851 3543 esse.
896 3414 1144 3564 oltettgtosos
1192 3477 1226 3540 in
1258 3496 1357 3562 qnam
1389 3496 1453 3542 nos
1484 3478 1758 3562 interpretamur,
1790 3480 1880 3563 quod
1911 3499 1982 3543 uon
2011 3477 2175 3545 senserint

159 3558 323 3627 hemines.
366 3559 464 3628 Ritus
489 3564 533 3627 ab
556 3559 730 3647 Apostolis
753 3575 904 3648 sumptos
930 3565 1064 3630 retineri
1086 3584 1142 3629 vo·
1192 3559 1350 3647 Apostoli
1389 3559 1519 3630 referre
1555 3583 1622 3668 quo
1647 3573 1797 3648 ternpore
1828 3577 2022 3630 seruaretur
2053 3562 2174 3643 Pasce,

160 3643 249 3719 lunt,
275 3647 350 3712 Non
379 3645 495 3712 volunt
521 3650 656 3715 retineri
684 3648 869 3715 doctrinam
890 3647 1141 3735 Apostolorum.
1193 3648 1261 3714 Sed
1294 3649 1372 3732 quie
1406 3649 1578 3733 praecipat
1618 3645 1741 3714 fratrae
1778 3667 1821 3714 ex
1852 3648 1987 3717 ludaeis
2020 3647 2176 3717 conrasi

162 3731 220 3798 Sic
241 3733 450 3799 iudicandum
472 3742 526 3797 eat
546 3737 590 3800 de
611 3734 729 3801 ritibus
751 3732 838 3814 illis,
856 3735 946 3801 slent
965 3736 1029 3819 ipsi
1051 3735 1143 3819 Apo·
1192 3744 1304 3812 mant,
1337 3733 1393 3819 qul
1426 3753 1554 3799 moram
1574 3755 1671 3801 sunm
1700 3736 1899 3815 mebant,
1924 3735 2046 3803 borum
2066 3756 2175 3801 exem·

160 3815 239 3884 stoli
260 3820 295 3882 in
317 3818 388 3883 suis
410 3819 545 3902 scriptis
563 3818 720 3885 indicent.
762 3820 842 3885 Non
864 3821 949 3886 enirn
966 3817 1143 3887 voluerunt
1192 3817 1283 3968 Elam
1304 3829 1442 3903 propter
1464 3820 1677 3889 concordiam
1705 3818 1871 3887 voluerint
1897 3820 2048 3908 reliquos
2071 3821 2175 3908 sequi.

160 3901 318 3988 Apostoli
338 3922 403 3967 nos
424 3903 561 3983 sentire,
583 3905 670 3990 quod
689 3926 751 3991 per
771 3903 858 3972 tales
879 3906 963 3972 ritus
983 3905 1141 3973 iustifics-
1221 3917 1234 3970 t
1267 3906 1435 3989 sapienter
1465 3907 1709 3972 admonuerunt
1735 3904 1897 3973 lectorem
1929 3904 2106 3993 Apostoli,
2136 3926 2175 3973 se

160 4010 246 4141 ἒξ
267 3985 654 4141 Ἷέἕεωωθῧιῗωῆἓῗὶ
675 3992 1140 4162 ‘tesmenti
1190 3987 1763 4164 migmlbfflissiitilssm
1784 3991 2177 4166 tilt‘0’,”.t.‘¹·¹ittttt

160 4181 247 4228 onus
264 4162 434 4247 imponere
451 4161 676 4246 conscientiis,
698 4183 766 4229 non
785 4160 961 4230 voluerunt
976 4165 1141 4230 iusticiam
1189 4183 1259 4229 non
1279 4182 1358 4228 esse
1380 4164 1574 4244 curandum,
1593 4165 1696 4229 etiem
1719 4184 1737 4228 s
1767 4125 2174 4250 errctrr'rtnsupputando.

49 4275 51 4280 ·
161 4259 195 4312 et
220 4261 397 4331 peccatum
427 4242 595 4312 collocare
617 4249 651 4313 iu
680 4250 969 4314 obseruationibus
1001 4250 1141 4329 dierum,
1275 4244 1382 4315 lllulta
1406 4247 1509 4319 liuius
1533 4251 1673 4336 generis
1701 4247 1815 4336 colligi
1843 4264 1987 4335 possunt
2007 4272 2054 4317 ex
2074 4250 2177 4316 bisto-

161 4334 330 4411 oibormn‚
352 4343 385 4397 et
408 4330 562 4398 similium
588 4354 710 4400 rernm.
750 4333 824 4399 lmo
844 4328 971 4400 Psulns
992 4333 1141 4420 appellat
1209 4334 1230 4354 ‘⁰
1279 4335 1317 4399 in
1360 4335 1459 4401 nibus
1480 4348 1621 4420 apparet
1640 4333 1940 4404 dissimilitudine·
1956 4336 2174 4403 humanarum
2220 4370 2223 4375 ·

160 4414 349 4484 huiusmodi
375 4418 568 4503 opiniones,
589 4419 760 4485 doctrinas
781 4421 1036 4511 daemoniorum.
1075 4420 1140 4487 lta·
1190 4354 1480 4499 amalonem,
1506 4440 1575 4487 uon
1595 4419 1731 4507 laedere
1752 4423 1909 4490 unitatem
1930 4423 2019 4488 fidei.
2064 4422 2174 4497 Quan-

161 4524 228 4590 qna
248 4504 403 4570 voluntas
425 4516 459 4569 et
481 4501 656 4569 consilinm
677 4503 916 4591 Apostolorum
938 4527 982 4572 ex
1004 4507 1139 4593 scriptis
1190 4527 1291 4592 quam
1311 4507 1390 4593 quid
1412 4525 1498 4592 opus
1519 4519 1573 4573 est
1594 4508 1839 4593 disputacioue,
1863 4508 2006 4574 Omnino
2030 4509 2110 4595 quid
2130 4509 2176 4573 sit

162 4608 277 4662 eorum
305 4589 419 4740 generi
447 4590 561 4669 debet,
590 4611 659 4656 non
680 4602 734 4658 est
760 4592 844 4656 satis
863 4589 1012 4678 allegere
1033 4611 1140 4658 exem·
1189 4593 1318 4659 iusticie
1345 4592 1439 4670 fidei,
1467 4594 1546 4678 quid
1573 4594 1617 4659 sit
1638 4614 1778 4680 regnum
1798 4593 1943 4674 Christi,
1963 4614 2032 4660 non
2054 4591 2173 4663 intelli·

198 4695 262 4740 nm.

161 4672 254 4827 llus
282 4759 328 4825 sd
358 4760 625 4827 iustificationem
657 4763 850 4828 necessaria
876 4775 984 4835 esset,
1015 4766 1083 4830 sed
1103 4777 1140 4831 vt
1203 4766 1360 4831 itudinem
1387 4765 1658 4832 obseruationum
1683 4768 1717 4833 in
1746 4768 1850 4847 cibis,
1878 4768 2014 4846 diebus,
2035 4767 2175 4847 vestitu,

162 4843 307 4932 populus
334 4847 452 4924 sciret,
479 4866 548 4933 qno
574 4859 724 4934 ternpore
751 4851 1016 4917 conueniendum
1037 4863 1140 4931 esset,

162 4933 345 5000 seruabant
372 4941 406 4996 et
433 4927 519 4998 alica
544 4936 709 5018 quosdam
734 4936 837 5014 ritus,
857 4936 1007 5002 ordinem
1026 4932 1139 5003 lectio
1656 4984 1658 4988 »

161 5039 242 5087 nmn
268 5016 301 5083 si
328 5015 461 5103 qundo
489 5020 741 5087 conueniebsut.
786 5019 957 5094 Quaedam
978 5023 1076 5088 etiam
1097 5042 1140 5087 ex
1190 5037 1707 5108 es)nmamnt]1tes.=mrsmms

162 5105 281 5190 petrijs
313 5101 482 5179 moribus,
512 5115 549 5169 vt
580 5104 637 5184 fit,
669 5107 833 5172 retinebat
862 5105 1024 5191 populna,
1051 5127 1139 5192 quse
1190 5124 1237 5192 ee)
1256 5124 1350 5192 Ριιει]
1368 5126 1420 5176 tte.
1437 5127 1478 5181 s:
1494 5126 1606 5178 resne

118 5254 120 5258 ,
164 5186 320 5272 Apostoli
346 5183 495 5252 nonnttnt
519 5200 660 5268 mutata,
691 5192 737 5258 ed
765 5192 939 5257 historiam
963 5189 1138 5280 Euangelij
1191 5211 1239 5278 st)
1257 5213 1398 5278 vituperat]
1415 5212 1498 5263 nete.
1517 5212 1543 5264 e.
1561 5213 1603 5264 ez
1620 5213 1770 5276 vituperant

165 5277 519 5353 accommodaremus,
544 5285 581 5342 rt
600 5277 728 5357 Pasce,
748 5275 993 5359 Pentecosten,
1014 5289 1050 5345 rt
1068 5297 1139 5345 non
1191 5295 1239 5365 ss)
1258 5293 1504 5366 amoenosque
1523 5299 1549 5347 ι.
1566 5303 1618 5365 epp
1636 5313 1701 5350 m
1720 5295 1874 5364 emensi

331 4676 494 4741 eruebant
515 4686 629 4741 certos
651 4676 736 4754 dies,
757 4696 825 4751 non
845 4681 937 4764 qnod
960 4698 1002 4744 es
1022 4681 1140 4746 obser·
1259 4690 1273 4743 t
1292 4677 1494 4764 aduersarii,
1515 4680 1545 4744 si
1567 4679 1715 4746 iudicant
1735 4682 1961 4748 necessariam
1983 4701 2064 4747 esse
2085 4682 2176 4747 simi·
