4694 6038
160 320 227 387 obt
606 317 718 385 Pfln.
740 316 845 386 itm.
868 316 1056 386 SCRIPTA
1077 315 1427 385 boemanicum
1448 314 1720 385 SYMBOLlCA.
1780 378 1784 385 .
2107 318 2179 386 5⁰8

162 509 271 592 ipsum
283 508 495 585 Densmens,
517 507 593 592 quia
614 526 736 572 nomen
759 520 849 571 tuum
871 508 1063 572 inuocatum
1086 516 1139 570 est
1191 502 1366 570 dissimilia
1389 506 1523 572 obiecta
1544 503 1685 570 fiduciae
1710 515 1791 569 sunt
1817 506 1850 568 in
1879 505 1992 589 priore
2018 508 2178 592 proposi·

162 613 265 678 super
287 595 466 670 ciuitatem,
489 603 523 657 et
544 612 645 676 super
666 590 825 677 populum
843 603 947 670 tuum,
969 591 1026 657 Sic
1039 593 1138 656 docet
1191 593 1293 668 tione,
1316 604 1349 655 et
1370 592 1402 655 in
1423 591 1621 674 posteriore.
1655 589 1794 654 Fiducia
1816 591 1849 654 in
1871 591 1995 673 priore,
2016 604 2071 657 est
2089 592 2177 658 fidu·

162 698 226 744 nos
242 676 363 743 Daniel
386 677 636 762 apprehendere
659 679 920 742 misericordiam
943 679 976 741 iu
999 678 1138 755 orando,
1192 678 1243 742 cia
1270 688 1462 741 nostrornm
1490 696 1642 760 operum,
1675 675 1811 741 Fiducia
1837 676 1872 739 iu
1898 678 2089 759 posteriore
2118 688 2177 744 est

162 763 228 830 hoo
250 776 314 842 est,
337 765 507 829 confidere
528 764 757 828 misericordia
778 761 854 840 Dei,
879 783 946 827 uon
969 761 1139 828 confidere
1190 762 1313 827 fiducia
1340 762 1577 845 promissionis
1606 762 1747 839 diuinae.
1798 758 1955 826 Christus
1979 777 2090 827 autem
2113 765 2176 830 da·

161 852 288 915 nostris
319 851 446 914 meritis
480 869 592 932 coram
624 846 712 913 Deo.
778 847 821 911 Et
852 849 1026 924 miramur,
1060 848 1139 933 quid
1191 859 1281 912 mnat
1292 848 1444 912 fiduciam
1457 859 1649 912 nostrorum
1664 867 1815 931 operum,
1838 868 1905 910 non
1928 848 2064 912 damnat
2087 848 2177 915 fidu·
2198 904 2211 928 ,

134 930 265 1020 'agant
286 936 320 1000 in
342 935 533 1020 precatione
554 935 758 1015 aduersarij,
790 932 826 997 Si
854 946 964 998 tamen
987 932 1139 998 homines
1191 935 1277 997 ciam
1297 933 1529 1016 promissionis
1557 953 1651 996 suae.
1695 931 1770 996 Nou
1795 929 1868 996 vult
1896 953 1960 996 nos
1990 935 2032 997 de
2060 937 2178 1018 gratie

162 1021 326 1105 prophani
348 1039 492 1103 vnquam
511 1017 635 1102 aliquid
654 1040 674 1083 a
690 1017 766 1083 Deo
783 1029 913 1167 petunt,
936 1021 972 1085 Si
996 1039 1138 1084 comme-
1189 1029 1223 1099 et
1240 1018 1472 1083 misericordia
1488 1018 1553 1082 Dei
1571 1019 1763 1102 desperare,
1784 1017 1895 1102 arguit
1916 1038 2021 1101 opera
2040 1033 2176 1099 nosue,
2194 1008 2211 1031 ⁸

162 1118 294 1172 morant
315 1126 354 1170 se
376 1106 496 1190 dignos
519 1124 614 1181 esse,
643 1107 721 1189 quia
749 1105 781 1168 di
798 1107 960 1179 actionem
988 1119 1023 1171 et
1051 1106 1139 1169 bona
1190 1113 1347 1188 tanquam
1370 1105 1523 1189 indigna,
1552 1123 1618 1166 nou
1646 1104 1757 1188 arguit
1784 1104 2053 1186 promissionem,
2082 1124 2177 1190 quae

162 1212 265 1276 opera
286 1190 442 1268 habeant,
465 1201 498 1255 et
521 1201 702 1273 reposcunt
723 1190 880 1275 gratiam,
904 1201 1063 1276 tanquam
1083 1190 1138 1254 de·
1190 1191 1297 1274 gratis
1325 1188 1421 1253 offert
1449 1189 1720 1254 misericordiam.
1764 1188 1807 1254 Et
1832 1187 2008 1274 praeclare
2036 1190 2093 1254 bic
2124 1193 2173 1255 iu·

34 1355 38 1359 g
162 1279 282 1354 bitam,
308 1276 445 1361 perinde
473 1286 570 1340 orant
597 1284 633 1339 vt
661 1273 864 1340 Pharisaeus
895 1279 984 1358 apud
1013 1275 1139 1341 Lucam
1190 1275 1261 1358 quit
1283 1273 1501 1351 Ambrosius,
1532 1275 1762 1358 Agnoscenda
1783 1289 1836 1338 est
1858 1276 1982 1360 gratia,
2009 1277 2073 1339 sed
2101 1296 2174 1341 non

162 1360 279 1447 Capite
301 1358 407 1445 aviij.
429 1362 563 1445 quiait.
607 1360 683 1424 Non
713 1382 787 1426 sum
815 1363 902 1426 sicut
932 1363 1057 1429 carten·
1079 1360 1150 1426 ho·'
1189 1360 1376 1445 ignoranda
1387 1359 1760 1439 naturarmmissiom
1783 1363 1911 1446 gratiae
1934 1359 2173 1426 confidendum

160 1449 279 1512 mines.
325 1447 389 1519 Qui
412 1447 464 1510 sic
490 1447 569 1530 petit
619 1449 754 1520 satiem,
781 1465 846 1512 nec
870 1446 984 1513 nititur
1012 1447 1137 1512 miseri-
1189 1456 1253 1522 est,
1276 1465 1343 1510 non
1364 1458 1505 1510 naturae
1526 1458 1676 1523 nostrae,
1697 1446 1766 1511 Sed
1788 1447 1973 1528 aduersarij
1997 1466 2061 1511 sno
2074 1467 2173 1512 ruore

161 1535 276 1597 cordia
302 1532 385 1608 Dei,
413 1532 532 1597 iniuria
617 1533 661 1596 cit
688 1531 873 1610 Christum,
903 1533 959 1616 qui
989 1553 1065 1597 cnm
1093 1532 1138 1597 sit
1189 1527 1332 1609 faciunt,
1363 1540 1480 1595 contra
1508 1531 1586 1596 fidei
1608 1532 1794 1597 doctrinam
1816 1533 2015 1616 detorquent
2035 1543 2173 1597 senten·

161 1615 316 1685 Pontifex
339 1631 470 1692 noster,
499 1615 686 1700 interpellat
730 1638 769 1681 ro
791 1618 901 1683 uobis.
956 1619 1015 1686 Sic
1037 1620 1138 1703 igitur
1190 1618 1259 1680 cias
1281 1637 1343 1700 pro
1372 1616 1439 1681 fide
1466 1618 1615 1682 traditas.
1659 1615 1785 1681 Verum
1813 1616 1898 1681 haec
1927 1619 2068 1701 spinosa
2093 1618 2172 1702 reij·

161 1705 273 1769 nititur
303 1705 409 1768 oratio
437 1705 668 1768 misericordia
730 1704 777 1781 ei,
806 1702 939 1789 quando
971 1706 1136 1770 credimus
1189 1701 1315 1766 ciamus
1346 1702 1389 1767 ad
1418 1700 1567 1766 scholas.
1611 1698 1674 1767 llla
1703 1698 1873 1768 cauillatio
1899 1701 2000 1786 plane
2028 1701 2172 1788 puerilis

161 1811 225 1859 nos
256 1802 394 1874 propter
423 1785 590 1853 Christum
620 1788 814 1854 Pontificem
847 1791 1014 1869 exaudiri,
1033 1784 1137 1855 'sicut
1189 1798 1252 1850 est.
1287 1785 1370 1851 Cum
1381 1789 1640 1872 interpretantur
1651 1807 1772 1852 seruos
1795 1784 1940 1866 inutiles,
1962 1789 2040 1873 quia
2062 1808 2171 1873 opera

160 1876 234 1960 ipse
254 1878 312 1953 ait,
334 1873 499 1959 Quidquid
517 1875 675 1957 petieritis
687 1874 820 1941 Patrem
838 1875 871 1939 in
894 1876 1027 1941 nomine
1049 1896 1136 1953 meo,
1189 1870 1263 1936 Deo
1286 1873 1353 1936 sint
1374 1870 1515 1952 inutilia,
1548 1875 1646 1939 nobis
1665 1893 1745 1938 vero
1769 1875 1836 1938 sint
1852 1873 1957 1952 vtilia‚
2001 1875 2046 1939 At
2068 1873 2170 1938 Chri·

161 1961 253 2024 dabit
269 1961 379 2026 vobis.
412 1959 450 2022 lu
471 1962 604 2024 nornine
625 1979 712 2036 meo,
733 1960 852 2046 inquit,
899 1962 953 2026 uia
975 1962 1049 2027 sine
1070 1961 1137 2025 hoo
1188 1969 1262 2021 stus
1284 1959 1325 2022 de
1345 1978 1386 2023 ea
1407 1956 1547 2024 vtilitate
1570 1956 1731 2044 loquitur,
1764 1978 1851 2044 quae
1871 1960 2043 2024 constitnit
2064 1960 2169 2025 nobis

162 2045 325 2111 Pontifice
346 2066 413 2110 nou
435 2064 616 2129 possumus
639 2046 801 2111 accedere
822 2046 864 2110 ad
917 2057 1038 2126 auem,
1063 2048 1138 2112 Huc
1188 2040 1298 2107 Deum
1324 2043 1508 2109 debitorem
1535 2047 1673 2131 gratiae.
1719 2043 1915 2130 Quanquam
1942 2043 2089 2110 alienum
2115 2052 2171 2110 est

146 2122 150 2139 ¹
184 2133 301 2196 ertinet
322 2143 355 2195 et
376 2133 541 2196 sententia
561 2129 686 2196 Christi
708 2130 822 2196 Lucae
845 2129 927 2217 Cap.
939 2134 1019 2214 xvij.
1052 2131 1137 2197 Cum
1187 2126 1352 2193 hocloco
1374 2130 1554 2214 disputare,
1577 2131 1619 2194 de
1641 2130 1787 2196 vtiliant
1808 2128 1925 2196 inutili.
1966 2131 2052 2195 Nam
2075 2133 2170 2197 serni

160 2153 309 2282 leceritis
332 2217 442 2280 omnia
463 2236 551 2300 quae
572 2227 752 2300 praecepta
775 2231 852 2281 sunt
879 2218 993 2294 vobis,
1024 2218 1137 2294 dicite,
1190 2211 1324 2278 inutiles
1345 2214 1537 2299 significant
1558 2215 1809 2288 insufficientes,
1832 2216 1911 2300 quia
1927 2236 2026 2282 nemo
2038 2227 2170 2282 tanturn

161 2303 252 2369 serui
274 2300 408 2367 inutiles
431 2320 557 2365 sumus.
597 2301 691 2365 llaec
703 2304 808 2372 verba
820 2298 912 2367 clare
923 2303 1036 2368 dicunt
1047 2305 1137 2388 quod
1188 2301 1297 2378 timet,
1329 2308 1456 2365 tantum
1488 2299 1595 2388 diligit
1628 2301 1753 2379 Deum,
1784 2312 1911 2366 tanturn
1944 2302 2050 2366 credit
2079 2300 2170 2380 Deo,

160 2387 255 2453 Deus
284 2387 393 2453 saluet
417 2405 479 2470 per
506 2386 785 2465 misericordiam,
817 2399 849 2450 et
879 2399 1016 2471 propter
1041 2408 1138 2453 snam
1189 2395 1346 2471 quantum
1369 2388 1525 2471 oportuit,
1548 2388 1617 2454 Sed
1636 2390 1757 2453 missas
1775 2384 2169 2472 faciamushaafrigidas

159 2474 426 2559 promissionem,
449 2491 517 2536 nou
539 2471 629 2556 quod
652 2473 773 2536 debeat
793 2483 932 2557 propter
943 2473 1136 2558 dignitatem
1189 2467 1419 2536 cauillationes
1430 2475 1713 2551 aduersariorum,
1735 2474 1919 2557 dequibus
1941 2474 2023 2557 quid
2042 2473 2169 2539 indica·

161 2580 300 2642 opernm
326 2570 535 2634 nostrorum,
563 2556 632 2621 Sed
654 2557 838 2642 aduersarij
860 2558 996 2623 mirifice
1018 2557 1137 2625 ludunt
1189 2557 1254 2621 turi
1275 2558 1342 2621 sint
1362 2558 1527 2636 homiues,
1549 2561 1578 2622 si
1600 2561 1734 2642 qnando
1754 2555 1968 2643 proferentur
1988 2559 2025 2623 in
2044 2558 2168 2638 lucem,

160 2644 234 2721 hio,
260 2645 294 2710 in
316 2643 430 2708 verbis
453 2640 587 2706 Christi.
631 2640 776 2707 Primum
797 2640 923 2709 iaciunt
944 2641 1138 2732 (ἐπιστρέφον
1188 2639 1288 2707 facile
1309 2655 1453 2727 possunt
1473 2645 1662 2709 existimare
1684 2647 1746 2709 viri
1767 2644 1959 2728 prudentes.
1994 2646 2032 2709 ln
2053 2645 2168 2710 verbis

163 2741 197 2795 et
224 2731 256 2793 in
283 2747 348 2794 uos
376 2738 467 2792 retor
492 2739 586 2806 uent,
619 2726 727 2796 lilnlto
759 2731 867 2816 magis
895 2730 1046 2816 inquiunt
1072 2732 1137 2795 dici
1189 2729 1329 2792 maxime
1351 2728 1459 2811 planis
1481 2741 1514 2793 et
1535 2749 1613 2812 pers
1637 2730 1721 2795 iouis
1743 2740 1937 2813 repererunt
1958 2729 2087 2796 rimam.
2122 2732 2169 2795 At

162 2834 276 2899 posse.
321 2813 359 2879 Si
377 2749 491 2879 aredii
1585 2751 1767 2895 illbloco,
1795 2814 1952 2881 fiduciam
1973 2826 2170 2882 nostrornm

163 2918 296 2978 sarnus,
329 2898 460 2966 Deinde
491 2901 618 2965 addunt
649 2918 754 3002 opera
782 2895 909 2967 inutilia
941 2920 1022 2967 esse
1049 2900 1138 2980 Deo,
1191 2907 1329 2982 operum
1348 2900 1539 2984 improbari.
2006 2956 2009 2961 .
2164 2936 2167 2941 ·

163 2987 263 3052 nobis
286 3005 367 3051 vero
387 3005 455 3051 non
478 3004 555 3049 esse
576 2982 711 3051 inutilia.
745 2982 865 3051 Videte
876 3007 975 3070 qnam
994 2985 1140 3054 delectet
1168 2984 1173 2993 '
1275 2982 1462 3051 Teneamus
1480 2986 1580 3073 igitur
1600 2984 1667 3052 hoc
1712 2986 1779 3051 nod
1800 2982 2163 3062 Ecclesiaconfitetnr,

162 3072 389 3148 aduersarios,
410 3068 539 3155 puerile
556 3070 701 3136 studium
718 3069 940 3157 Sophistices.
973 3071 1016 3136 Et
1034 3093 1139 3157 quan·
1190 3070 1280 3154 quod
1301 3090 1362 3154 per
1382 3072 1683 3136 misericordiams
1720 3092 1846 3137 ueruur.
1889 3069 1930 3135 Et
1949 3071 2085 3155 nequis
2104 3069 2166 3137 hio

162 3178 261 3243 quam
282 3156 347 3223 hae
368 3156 512 3240 ineptiae
537 3156 693 3241 indignae
722 3158 806 3236 sint,
835 3177 922 3243 qnae
943 3154 1140 3237 refutentur,
1191 3157 1332 3241 cogitet,
1361 3155 1397 3222 Si
1419 3177 1480 3241 per
1501 3157 1762 3222 misericordium
1783 3153 1939 3221 saluandi
1958 3175 2092 3233 snmus,
2117 3157 2169 3220 in·

161 3253 272 3308 tamen
294 3242 411 3325 paucis
430 3241 717 3327 respondebimus.
750 3241 951 3328 Ἄντιστρέφον
972 3254 1026 3308 est
1042 3245 1139 3310 ritio-
1191 3253 1284 3306 certa
1310 3260 1391 3325 spes
1419 3243 1497 3319 erit,
1524 3244 1554 3306 si
1583 3240 1664 3308 nihil
1691 3244 1862 3326 praecedit
1889 3242 1924 3305 in
1947 3240 2022 3318 his,
2043 3241 2170 3326 qulbus

161 3347 248 3394 snm.
281 3327 428 3392 Primum
449 3329 536 3393 enim
558 3327 631 3392 deci
655 3327 768 3393 iuntur
782 3329 968 3414 aduersarij
987 3331 1021 3393 in
1038 3350 1138 3395 roca·
1191 3327 1353 3414 contingit
1374 3327 1490 3406 salus,
1516 3348 1582 3412 quo
1609 3329 1844 3394 discernantur
1865 3324 2018 3403 abillis,
2071 3328 2168 3392 uibus

162 3409 242 3477 bulo
265 3411 354 3491 fidei,
377 3414 467 3496 quod
490 3415 519 3476 si
541 3348 749 3500 signiticaret
768 3415 867 3479 nohis
878 3414 1036 3479 noticiam
1048 3412 1138 3480 illam
1189 3433 1258 3478 non
1276 3414 1449 3498 contingit,
1470 3412 1550 3478 huic
1572 3409 1844 3480 satisfaciendum
1864 3423 1929 3477 est.
1963 3410 2057 3479 Scho
2110 3411 2165 3477 tid

161 3497 332 3577 historiae,
354 3517 441 3583 quae
462 3500 559 3564 etiam
582 3501 615 3563 in
638 3499 748 3583 impijs
761 3509 795 3562 et
806 3496 947 3564 diabolis
959 3511 1023 3578 est,
1046 3513 1139 3567 recte
1190 3498 1278 3565 enim
1299 3499 1452 3564 videntur
1473 3499 1540 3566 hac
1561 3501 1692 3565 ratione
1713 3500 1812 3577 moti,
1840 3500 2053 3584 quaesinisse
2073 3497 2164 3563 merl·

162 3584 440 3650 ratiocinaremur
462 3584 660 3666 aduersarij‚
681 3583 781 3671 fidem
791 3583 940 3650 inutilem
951 3604 1040 3658 esse,
1062 3607 1139 3652 curu
1161 3636 1166 3656 .
1191 3597 1260 3648 tum
1281 3584 1455 3670 condigni,
1485 3585 1571 3648 Nam
1597 3584 1684 3651 haec
1713 3587 1799 3650 ratio
1822 3581 1922 3650 valde
1943 3594 2054 3669 potest
2076 3602 2166 3648 exer·
2199 3590 2203 3596 '

163 3671 293 3750 dicunt,
315 3669 399 3736 Cum
421 3671 629 3735 credideritis
652 3671 779 3748 omnia,
805 3670 922 3747 dicite,
950 3671 1048 3735 Serui
1067 3673 1138 3736 inu·
1190 3689 1269 3733 cere
1300 3670 1478 3735 humanum
1509 3672 1663 3735 animum.
1712 3671 1865 3735 Breuiter
1896 3671 1998 3756 igitur
2030 3688 2167 3754 respon-

492 2815 585 2879 eritis
606 2816 727 2890 omnia,
750 2814 870 2893 (licite,
884 2814 982 2882 Serui
1003 2814 1138 2883 inutiles
1189 2833 1287 2879 neruo
1316 2833 1383 2877 non
1411 2816 1501 2880 videt
1528 2817 1566 2881 in

25 3814 31 3828 ,
162 3753 239 3821 tiles
262 3750 390 3834 snmus,
412 3755 480 3820 Sed
502 3776 566 3820 nos
588 3775 656 3820 non
679 3756 721 3819 de
741 3755 864 3820 noticia
880 3755 1053 3833 historiae,
1075 3757 1138 3821 sed
1190 3755 1316 3819 demus.
1361 3754 1440 3819 ldeo
1468 3765 1504 3820 vt
1529 3758 1573 3821 sit
1601 3768 1693 3822 certa
1720 3777 1820 3841 spes,
1852 3757 1927 3821 ideo
1951 3767 1988 3820 vt
2009 3757 2054 3819 sit
2075 3773 2168 3840 prae·

163 3842 205 3906 de
226 3840 347 3908 fiducia
391 3841 599 3906 romissionis
622 3853 656 3904 et
676 3840 925 3905 misericordiae
945 3837 1010 3904 Dei
1030 3837 1138 3928 loqui-
1190 3841 1317 3905 cedens
1340 3841 1516 3907 discrimen
1533 3840 1701 3907 iuterhos
1712 3842 2019 3927 quibuscontingit‚
2040 3854 2077 3905 et
2092 3836 2167 3905 illos

163 3948 246 3992 mur.
290 3926 333 3991 Et
363 3863 454 3991 Saec'
484 3923 606 3989 fiducia
637 3927 886 4018 promissionis,
919 3926 1044 3994 fatetur
1072 3945 1136 3992 nos

162 4032 240 4078 esse
268 4031 388 4078 seruos
422 4009 572 4087 inutiles,
605 4010 674 4075 lmo
707 4009 793 4078 haec
826 4009 1012 4089 confessio,
1046 4014 1137 4099 qnod
1159 3987 1164 4075 l
1188 4012 1279 4097 quod
1305 4032 1366 4096 per
1391 4014 1657 4081 misericordiam
1679 4011 1860 4084 saluemur.
1910 4013 1986 4079 Hoc
2015 4034 2093 4078 oum
2121 4014 2168 4077 ite

162 4119 265 4182 opera
287 4109 404 4163 nostra
425 4099 493 4162 sint
512 4097 579 4162 indi
627 4118 659 4175 a,
681 4109 735 4162 est
753 4099 829 4182 ipsa
849 4119 918 4163 vox
938 4097 1136 4169 fidei.·sicut
1189 4097 1278 4162 uude
1296 4099 1431 4178 dicitur,
1456 4100 1637 4164 absurdum
1661 4099 1799 4165 videtur.
1842 4099 1929 4164 Nam
1949 4100 1986 4163 in
2007 4096 2104 4176 loro,
2132 4106 2167 4161 et

162 4196 302 4268 apparet
320 4185 356 4249 in
377 4182 444 4249 hoc
464 4116 626 4266 exemplo¹¹
637 4180 801 4262 Danielis,
824 4184 914 4270 quod
936 4181 1036 4266 paulo
1057 4197 1138 4250 ante
1189 4183 1320 4268 iudicijs
1336 4182 1499 4256 humanis,
1517 4185 1570 4248 ius
1588 4204 1649 4249 seu
1661 4185 2021 4263 dehitnmcertumest,
2038 4182 2167 4249 miseri-¹

164 4269 349 4351 citauimus.
382 4268 458 4334 Non
475 4270 509 4333 in
528 4266 821 4335 iustificationibus
841 4272 967 4334 nostris
988 4283 1139 4355 prostcr·
1191 4271 1305 4334 cordia
1330 4269 1477 4348 incerta,
1509 4271 1570 4335 sed
1602 4267 1668 4335 alia
1702 4291 1759 4335 res
1789 4282 1842 4335 est
1870 4271 1913 4334 de
1937 4270 2063 4335 iudicio
2093 4267 2167 4334 Dei.

163 4353 271 4419 nimus
292 4374 412 4439 preces
437 4366 500 4418 etc.
541 4353 645 4418 Fides
666 4355 753 4419 enhu
776 4352 900 4431 salnai,
922 4356 1000 4439 quie
1020 4375 1140 4440 appre·
1179 4354 1254 4420 ‘Hic
1276 4355 1363 4419 enim
1380 4356 1607 4432 misericordia
1625 4356 1732 4420 habet'
1748 4352 1873 4421 claram
1889 4368 1923 4420 et
1944 4367 2074 4422 certam
2114 4364 2168 4419 roi

162 4434 277 4529 bendit
315 4439 576 4506 misericordiam
614 4458 676 4508 sen
707 4441 962 4523 promissionem
996 4444 1138 4527 gratiae,
1191 4441 1399 4521 missionem,
1432 4452 1465 4505 et
1496 4443 1687 4507 mandatum
1715 4439 1798 4520 Dei,
1831 4442 1916 4507 Nam
1946 4441 2044 4507 Euan
2102 4443 2169 4506 'um

163 4524 293 4588 etiamsi
314 4537 432 4590 nostra
454 4543 558 4609 opera
580 4524 648 4588 sint
668 4524 814 4609 indigna.
848 4525 892 4590 Et
908 4527 942 4599 in
958 4523 1048 4597 banc
1065 4546 1142 4592 sen·
1192 4527 1325 4610 proprie
1346 4526 1414 4593 hoc
1435 4528 1624 4591 mandatum
1646 4540 1710 4607 ast,
1732 4528 1822 4612 quod
1842 4529 2017 4611 praecipit,
2040 4538 2080 4592 vt
2101 4543 2171 4590 cre·

165 4608 307 4673 tenoiam
328 4608 411 4676 nihil
427 4607 508 4676 ledit
520 4627 583 4674 nos
594 4607 793 4694 ἀπιστρίφον.
828 4610 921 4687 Gorn‘
934 4611 1142 4677 credideritis
1164 4607 1171 4720 Ι
1193 4612 1311 4676 damus
1332 4611 1440 4693 Deum
1460 4613 1560 4676 nobis
1582 4612 1766 4697 propicium
1792 4632 1885 4684 esse,
1913 4624 2053 4698 propter
2075 4608 2169 4678 cbri-
2256 4620 2260 4637 '

165 4693 288 4771 omnia,
310 4696 424 4774 dicite,
446 4695 543 4800 Serui
564 4691 698 4800 inutiles
711 4714 840 4800 summ,
859 4693 1027 4775 videlicet,
1052 4697 1143 4783 quod
1193 4708 1292 4796 stum.
1346 4696 1423 4763 Non
1450 4699 1539 4763 misit
1562 4696 1659 4773 Deus
1686 4697 1790 4764 filium
1818 4702 1975 4765 suumin
2002 4698 2171 4767 mnndum.

165 4796 272 4933 tbi:
291 4780 1143 4954 astitistislitisthtiffltthdt:
1194 4783 1578 4941 &dimidiis
1601 4781 2083 4950 ‘iiiiiiittiditit
2107 4798 2173 4932 ii?

166 4950 237 5021 Sed
248 4947 442 5015 sicusimili
452 4953 641 5017 ratiocinari
654 4948 782 5030 volunt,
793 4950 877 5017 Cum
890 4949 1011 5043 seceris
1023 4954 1160 5032 omnin,¹
1196 4890 1334 5025 Cretica
1356 4955 1455 5036 igitur
1478 4955 1520 5019 de
1542 4956 1768 5020 misericordia
1790 4955 1926 5033 dicitur,
1943 4956 2099 5020 addenda
2120 4962 2174 5019 en

166 5031 236 5101 noli
265 5034 437 5104 confidere
465 5038 622 5120 operibns
652 5038 738 5117 tuis,
760 5034 818 5102 'lta
851 5054 927 5105 cnm
960 5038 1144 5115 credideris
1195 5036 1282 5103 fides
1302 5040 1544 5124 promissionis.
1575 5039 1618 5104 Et
1635 5039 1721 5106 haec
1732 5039 1817 5105 fides
1852 5043 2173 5125 aritcertamspem,

167 5123 291 5199 omnia,
310 5120 382 5190 noli
404 5121 572 5193 confidere
580 5124 803 5205 promissione
815 5124 938 5202 diuina,
960 5122 1055 5191 Haeo
1075 5144 1146 5192 non
1196 5124 1274 5209 quia
1297 5125 1412 5207 nititur
1429 5126 1546 5205 'verbo
1572 5136 1607 5190 et
1630 5126 1786 5191 mandato
1842 5128 1883 5192 ei.
1908 5126 1966 5207 ,Si
1987 5145 2069 5212 spcs
2091 5116 2176 5191 nit&

167 5204 342 5288 coherent,
362 5206 786 5291 Surpanimdissimillima,
809 5205 998 5277 Dissimiles
1009 5228 1145 5284 causae,
1196 5221 1288 5275 retur
1305 5206 1578 5296 operibns,'tuno
1599 5230 1681 5279 vero
1704 5224 1797 5279 esset
1815 5212 1962 5291 incerta,
1980 5212 2179 5298 qniaopoea

1190 3926 1314 4011 quibus
1336 3945 1405 3991 non
1425 3928 1588 4014 contingit
1605 3925 1710 3999 salus,
1732 3944 1877 3993 necesse
1887 3940 1942 3993 est
1951 3928 2168 4004 constituere,
