4702 6030
63 1624 64 1628 ,
169 1572 203 1626 et
226 1561 343 1626 discite
365 1561 450 1625 bene

164 345 230 417 aar
610 342 726 415 nnn.
744 342 855 415 nnn
873 341 1063 411 scamna
1081 339 1351 411 nosmncn
1368 338 1427 408 ar
1445 298 1718 410 srnuoucl.
1782 315 1784 319 ’
2099 279 2179 411 Ιωτι

165 535 244 621 ipsi,
265 552 333 600 non
353 534 574 601 iudicaremur
594 555 615 601 a
637 531 802 611 Domino,
829 534 970 598 verbum
995 530 1146 596 iudicare
1196 526 1313 595 fassio.
1356 527 1394 594 ln
1415 549 1518 615 opera
1544 537 1616 595 tota
1634 524 1814 595 humilitas.
1856 525 1933 594 lloc
1955 523 2038 594 nihil
2059 540 2181 597 contra

166 618 307 706 intelligi
330 620 431 697 debet
454 621 496 684 de
517 630 587 685 tota
603 620 831 705 poenitencia,
852 627 887 682 et
907 615 1069 683 fructibus
1091 617 1145 681 de
1196 633 1262 680 nos
1282 610 1380 691 facit,
1408 615 1532 680 debent
1558 615 1655 700 sequi
1680 616 1770 680 bona
1798 634 1902 700 opera
1922 616 2178 698 poenitenciam,

163 705 264 784 bitis,
298 725 365 770 non
400 708 443 772 de
471 707 629 789 operibus
661 725 728 770 non
762 703 892 771 debitis.
947 701 1144 787 Aduersarij
1197 701 1296 767 debet
1313 701 1522 785 poenitencia
1549 719 1649 779 esse,
1680 719 1749 765 non
1777 698 1962 781 simulatio,
1987 702 2050 768 sed
2077 702 2181 767 totius

166 792 275 859 nostri
298 791 377 855 dunt
400 811 526 876 poenas
550 801 760 875 contemptae
782 789 1043 866 Grammatices,
1070 809 1146 854 cum
1196 787 1286 853 vitae
1306 787 1450 852 mutacio
1472 786 1506 849 in
1528 783 1657 851 melius.

169 873 359 962 intelligunt
380 877 540 953 iudicare,
562 877 649 942 idem
671 895 761 953 esse,
783 876 874 961 quod
896 871 1147 959 cataphractum
1282 870 1363 938 Item
1385 871 1506 937 Patres
1534 871 1685 936 scribunt
1709 871 1794 935 satis
1820 889 1916 951 ease,
1949 872 1980 937 si
2012 870 2119 939 semel
2145 874 2179 938 in
2261 918 2265 926 -

167 981 310 1049 peregre
330 963 381 1026 ire
402 963 447 1027 ad
459 960 494 1027 S.
506 962 672 1032 iacobum,
694 975 752 1027 aut
773 958 893 1026 similia
913 979 1027 1045 opera.
1059 960 1147 1025 ludi·
1198 957 1266 1024 rita
1287 957 1345 1022 iiat
1365 954 1422 1021 illa
1443 953 1579 1042 publica
1604 976 1666 1022 seu
1694 954 1844 1023 solennis
1870 958 2101 1042 poenitencia,
2136 960 2180 1025 de

169 1067 249 1112 care
276 1047 443 1134 significat
473 1058 576 1112 totam
603 1048 864 1132 poenitenciam,
899 1044 1065 1132 significat
1092 1046 1146 1109 ds·
1197 1063 1264 1129 qua
1285 1054 1363 1109 sunt
1384 1040 1466 1108 facti
1485 1039 1641 1107 Canones
1664 1039 1944 1110 satisfactionum.
1982 1042 2058 1118 Qua
2079 1063 2123 1109 ex
2141 1064 2179 1111 re

167 1152 283 1198 muare
294 1143 445 1217 peccata,
462 1130 554 1198 llaec
566 1133 733 1198 damnatio
745 1154 825 1199 vere
837 1131 917 1197 iitin
929 1130 1147 1210 contricione,
1196 1127 1338 1215 intelligi
1358 1139 1484 1213 potest,
1505 1128 1597 1213 quod
1618 1129 1816 1193 sanciebant
1832 1126 1910 1193 illos
1922 1128 2089 1210 Canones,
2111 1149 2181 1196 non

169 1229 204 1283 et
238 1219 425 1284 mutacione
455 1219 555 1283 vitae.
598 1216 685 1283 'fcta
713 1219 940 1303 poenitencia,
974 1216 1147 1295 contricio,
1197 1236 1276 1282 esse
1297 1216 1512 1287 necessarios
1533 1214 1578 1278 ad
1598 1214 1824 1280 remissionem
1836 1227 2060 1298 peccatorum.
2091 1215 2181 1282 Nam

168 1302 269 1376 fides,
290 1304 370 1369 boni
391 1301 539 1382 fructus,
571 1305 765 1389 impetrant,
797 1315 835 1368 vt
856 1306 1046 1389 mitigentur
1066 1321 1147 1386 poe·
1221 1311 1331 1367 raeter
1352 1298 1442 1366 illam
1461 1297 1634 1365 solennem
1645 1302 1897 1385 poenitenciam,
1911 1321 2014 1384 saepe
2025 1301 2110 1367 alias
2121 1323 2180 1368 vo-

167 1409 247 1494 nae,
261 1392 314 1468 ⁷⁰)
344 1399 377 1454 et
398 1387 606 1493 calamitates
626 1386 783 1474 publicae
805 1401 839 1454 et
864 1389 1032 1474 priuatae,
1059 1387 1147 1454 sicut
1211 1398 1269 1453 unt
1290 1386 1530 1492 poenitenciam
1551 1387 1697 1472 agi,·vbi
1718 1406 1787 1450 non
1803 1386 2059 1485 requirebantur
2070 1385 2179 1454 Cano·

167 1473 288 1541 Esm
311 1472 428 1559 capue
452 1476 709 1625 wigoldoegi
730 1471 1148 1646 fillelilrlitplelrnclltlailcsflg:
1198 1492 1260 1539 m
1282 1469 1734 1624 linrtlsllilgtcllngtlllfutacionis
1757 1559 1908 1623 scribunt
1929 1578 1998 1623 non
2019 1570 2100 1623 esse
2127 1568 2179 1623 to·
2273 1545 2279 1554 ⁴

168 1656 206 1713 vt
228 1648 412 1724 coccinum,
433 1648 531 1730 quasi
553 1648 610 1710 nix
633 1644 884 1712 dealbabuntur.
909 1644 946 1711 st
962 1644 1148 1726 volueritis,
1198 1641 1382 1719 ferandum,
1403 1654 1441 1707 vt
1461 1639 1712 1708 satisfactiones
1731 1654 2059 1728 contraexpressum
2069 1642 2180 1709 Euan·

170 1742 205 1797 et
226 1732 397 1798 audieritis
418 1750 489 1809 me,
511 1733 600 1796 bona
627 1744 737 1801 terrae
765 1732 958 1797 comedetis.
1001 1731 1075 1796 Nec
1096 1742 1149 1796 est
1200 1728 1322 1840 gelium
1344 1724 1551 1794 aboleantur.
1585 1727 1657 1793 Nos
1679 1729 1778 1814 igitur
1793 1728 1957 1796 hactenus
1973 1731 2181 1795 ostendimus

170 1817 215 1882 ad
238 1814 484 1882 satisfactiones
510 1830 542 1881 et
572 1836 676 1900 opera
696 1818 908 1884 traditionum
930 1818 1149 1884 humanarum
1201 1816 1391 1883 canonicas
1420 1811 1497 1878 illas
1519 1811 1785 1893 satisfactiones,
1818 1813 1884 1881 hoc
1911 1827 1964 1881 est
1985 1834 2089 1900 opere
2111 1835 2180 1881 non
2229 1826 2233 1831 '

169 1901 402 1967 transferenda
429 1901 627 1988 grauissima
660 1914 694 1967 et
719 1900 940 1970 saluberrima
965 1904 1148 1983 sentencia,
1201 1903 1330 1979 debita,
1358 1895 1513 1965 facienda
1540 1912 1677 1984 propter
1704 1903 2009 1986 compensationem
2037 1920 2181 1985 poenu,

171 1998 287 2053 atota
307 1986 532 2072 poenitencia,
555 2000 587 2052 et
610 1989 766 2072 operibus
788 1989 924 2061 debitis,
947 2008 1008 2054 seu
1030 2009 1052 2053 a
1072 1986 1149 2054 Deo
1200 2007 1268 2053 non
1296 1986 1423 2052 habere
1454 1986 1643 2052 mandatnm
1671 1984 1858 2074 Euangelij.
1909 1984 1978 2052 Rea
2007 1989 2084 2073 ipsa
2112 1985 2183 2052 lroc

170 2074 372 2158 praeceptis.
415 2073 457 2139 lit
479 2074 546 2138 hoc
567 2074 707 2158 prodest
728 2075 864 2152 docere,
885 2075 976 2159 qnod
997 2075 1149 2160 mitigen·
1202 2073 1367 2152 ostendit,
1401 2073 1431 2137 si
1461 2091 1482 2134 o
1507 2091 1565 2137 era
1593 2068 1856 2139 satisfactionum
1884 2083 1964 2139 sunt
1984 2092 2089 2158 opera
2110 2092 2181 2137 non

170 2169 226 2223 tur
247 2159 433 2223 communia
459 2157 547 2224 mala
573 2177 634 2244 per
661 2171 811 2224 nostram
839 2161 1093 2245 poenitenciam,
1116 2169 1149 2224 et
1201 2160 1325 2237 debita,
1342 2177 1447 2243 quare
1505 2169 1608 2245 egent
1624 2176 1822 2241 expressum
1835 2157 2066 2246 Euangelium.
2095 2157 2181 2223 Nam

169 2263 343 2331 perveros
361 2241 489 2309 fructus
501 2245 742 2329 poenitenciae,
763 2265 824 2329 per
834 2247 924 2311 bona
934 2266 1037 2330 opera
1059 2243 1150 2311 facta
1201 2247 1229 2310 si
1251 2240 1471 2330 Euangelinm
1492 2243 1620 2311 iuberet
1643 2246 1852 2326 compensari
1870 2264 2000 2329 poenas
2017 2241 2180 2330 pertalis

170 2328 303 2408 enfide,
327 2349 395 2394 non
418 2340 454 2393 vt
474 2332 528 2393 isti
550 2328 595 2393 fin
645 2342 680 2396 nt
701 2327 794 2410 facta
809 2331 842 2394 in
854 2343 994 2414 peccato
1006 2330 1149 2398 mortali.
1200 2350 1316 2416 opera,
1336 2330 1401 2393 iam
1423 2341 1538 2394 essent
1555 2330 1667 2393 debita
1690 2348 1804 2414 opera,
1825 2330 1893 2396 Sed
1915 2332 1966 2396 sic
1985 2327 2180 2415 loquuntur,

167 2416 211 2482 Et
232 2413 299 2479 huc
319 2416 463 2500 pertinet
479 2351 666 2500 exempiuum
677 2415 907 2486 Ntntuttarum.
930 2418 1060 2502 quisue
1115 2437 1149 2482 a·
1200 2428 1238 2485 vt
1257 2414 1371 2482 fucum
1392 2413 1518 2480 faciant
1538 2414 1716 2500 imperitis,
1745 2428 1779 2481 et
1805 2413 1957 2502 allegant
1977 2417 2182 2495 testimonia,

167 2499 324 2578 nitencia,
346 2501 390 2564 de
404 2511 474 2565 tota
490 2497 730 2586 loquimur‚⁷¹)
752 2498 956 2568 reconciliati
970 2434 1148 2582 surrilis,
1200 2519 1287 2588 quae
1315 2501 1358 2566 de
1384 2501 1507 2566 debitis
1538 2501 1696 2585 operibus
1718 2496 1914 2586 loquuntur,
1948 2523 2023 2568 cum
2050 2502 2117 2586 ipsi
2147 2501 2182 2566 in

168 2597 204 2652 et
225 2587 268 2650 im
293 2596 495 2664 etranerunt,
516 2606 560 2650 ne
582 2583 751 2652 deleretur
772 2588 901 2653 ciuitas.
1200 2588 1272 2654 suis
1294 2586 1578 2654 satisfactionibus
1599 2588 1832 2671 praescribant
1852 2607 1957 2673 opera
1977 2586 2181 2654 nondebita.

311 2670 354 2759 od
378 2682 487 2736 autem
510 2669 629 2736 Patres
651 2673 849 2738 mentionem
871 2669 996 2738 faciunt
1017 2669 1149 2738 satisfa·
1200 2674 1270 2739 lmo
1291 2673 1355 2758 ipsi
1374 2674 1561 2738 concedunt
1581 2673 1616 2737 in
1634 2669 1761 2737 scholis
1780 2674 1853 2740 sine
1872 2685 2013 2758 peccato
2031 2674 2182 2739 recusari

169 2754 302 2832 ctioiiis,
324 2757 413 2841 quod
433 2753 573 2822 concilia
587 2753 739 2823 fecerunt
750 2756 915 2833 canones,
939 2759 1082 2824 diximus
1093 2779 1150 2825 su·
1200 2777 1304 2844 posse
1336 2757 1597 2824 satisfactiones.
1651 2755 1755 2824 Falso
1792 2760 1893 2847 igitur
1925 2760 1983 2826 hic
2014 2760 2180 2839 scribunt,

169 2864 232 2929 pra
244 2839 451 2926 disciplinam
462 2840 739 2909 Ecclesiasticam
754 2842 873 2923 fuisse,
889 2842 1034 2930 exempli
1045 2865 1151 2911 causa
1223 2845 1292 2911 uod
1325 2861 1488 2929 expresso
1515 2839 1701 2950 Euangelic
1734 2864 1775 2910 co
1800 2866 1894 2910 amur
1925 2843 2181 2912 satisfactiones

170 2930 393 2994 constitutam.
436 2926 509 2992 Nec
530 2928 727 2994 senciebant
755 2927 843 2994 hanc
864 2928 1071 3016 disciplinam
1092 2950 1150 2996 ne·
1200 2932 1211 2997 i
1259 2950 1278 2994 s
1310 2925 1501 2994 canonicas
1535 2947 1719 3014 suscipere.
1822 2941 1948 2996 eterum
1981 2951 2045 2997 nos
2076 2950 2181 3014 saepe

169 3015 352 3079 cessariam
374 3032 469 3094 esse,
503 3010 556 3079 vel
577 3014 621 3079 ad
643 3012 780 3100 cnlpae,
805 3013 862 3080 vel
882 3016 927 3081 ad
947 3034 1077 3100 poenae
1097 3037 1150 3082 re·
1200 3015 1264 3082 iam
1285 3013 1398 3081 testati
1419 3032 1551 3098 sumus,
1577 3015 1667 3099 quod
1694 3017 1904 3100 poenitencia
1926 3017 2046 3084 debeat
2066 3017 2178 3082 bonos

170 3100 373 3166 missionem.
416 3098 503 3164 Nam
535 3100 565 3164 si
593 3100 712 3184 quiin
733 3099 787 3165 his
808 3101 1007 3167 mentionem
1027 3122 1149 3188 purga·
1200 3098 1330 3168 fructus
1396 3118 1483 3185 rere,
1505 3102 1615 3185 etqui
1636 3102 1703 3166 sint
1725 3099 2179 3170 bonifructusdocentnran·

171 3184 247 3271 torij
275 3181 445 3263 fecerunt,
477 3184 736 3270 interpretantur
757 3204 836 3252 esse
863 3207 931 3251 non
954 3207 1149 3272 compensa·
1201 3188 1290 3266 data,
1311 3186 1344 3250 vi
1368 3183 1466 3252 elicet
1486 3185 1665 3266 inuocatio,
1713 3189 1868 3253 ratiarum
1884 3190 1985 3267 actio,
2009 3185 2182 3255 confessio

170 3271 296 3336 tionem
319 3281 475 3334 aeternae
504 3289 653 3356 poenae,
685 3289 753 3337 non
775 3272 1059 3352 satisfactionem,
1087 3273 1149 3339 sed
1200 3269 1388 3358 Euangelij,
1411 3271 1535 3338 docere
1555 3270 1675 3357 Euang
1709 3275 1792 3350 ium,
1813 3275 1952 3340 obedire
1972 3276 2180 3360 parentibus,

171 3355 401 3443 purgationem
433 3354 700 3439 imperfectamm
731 3357 933 3437 animarum,
961 3358 1055 3425 Sicut
1081 3358 1149 3427 An·
1201 3371 1235 3426 et
1255 3357 1522 3444 magistratibus,
1553 3360 1681 3424 seruire
1706 3359 1890 3437 vocationi,
1917 3379 1986 3425 non
2013 3360 2180 3441 occidere,

172 3439 1149 3614 ti¹itiii.i.⁰l³i⁸,.iliimtiniisintii·
1200 3442 2180 3617 tintinnisitittttltililftsstti

174 3607 243 3676 les.
284 3612 449 3677 interdum
472 3613 659 3699 Scriptores
687 3572 889 3680 trlrnsferunt
909 3613 1149 3681 satisfactionis
1200 3617 1277 3694 tari,
1297 3635 1365 3681 non
1382 3611 1563 3691 moechari,
1584 3614 1646 3678 sed
1659 3613 1851 3697 cohercere,
1872 3629 1905 3682 et
1916 3613 2097 3694 refrenare,
2120 3636 2176 3681 ca·

175 3694 374 3762 vocabulum
396 3701 438 3762 ab
461 3699 536 3782 ipso
558 3700 640 3778 ritu,
668 3720 730 3764 seu
755 3697 963 3785 spectaculo,
983 3701 1027 3766 ad
1048 3701 1150 3787 signi·
1201 3702 1327 3788 stigare
1339 3719 1483 3776 carnem,
1503 3718 1571 3764 non
1583 3711 1719 3785 propter
1731 3704 2031 3788 compensationem
2042 3721 2176 3786 poenae

174 3780 341 3847 ficandam
370 3803 483 3849 veram
516 3782 818 3863 mortificationem,
851 3783 911 3850 Sic
937 3787 1148 3871 Augustinus
1200 3799 1370 3864 aeternae,
1391 3785 1452 3849 sed
1469 3803 1513 3849 ne
1526 3785 1733 3870 obtemperet
1743 3785 1890 3867 diabolo,
1912 3808 1955 3853 ne
1965 3786 2177 3867 offendat⁷²i

174 3869 230 3932 ait.
275 3867 366 3932 Vera
393 3865 578 3933 satisfactio
601 3880 653 3934 est
672 3881 888 3955 peccatorum
916 3889 1038 3937 causus
1060 3873 1149 3937 exci-
1199 3870 1350 3958 spiritum
1375 3881 1539 3935 sanctum.
1587 3868 1668 3936 ltem
1701 3892 1783 3939 vera
1813 3875 1934 3940 dicere.
1978 3872 2021 3938 lli
2046 3870 2177 3940 fructus

173 3953 265 4032 dere,
287 3953 354 4018 hoc
375 3964 427 4018 est
447 3953 646 4019 mortificare
672 3974 817 4022 carnem
859 3955 941 4022 item
966 3955 1149 4024 cohercere
1198 3956 1324 4025 habent
1349 3967 1527 4042 praecepta
1548 3953 1631 4036 Dei,
1646 3967 1679 4022 et
1700 3968 1838 4043 propter
1865 3955 2007 4045 gloriam
2030 3971 2063 4024 et
2085 3979 2177 4024 man·

172 4056 311 4105 carnem¹
329 4059 397 4104 non
420 4051 455 4104 vt
473 4051 730 4125 compensentur
747 4052 905 4107 aeternae
922 4062 1063 4128 poenae,
1085 4045 1148 4110 sed
1199 4046 1310 4111 datum
1327 4040 1390 4108 Dei
1413 4041 1486 4106 lieri
1514 4043 1653 4123 debent,
1685 4042 1810 4109 habent
1843 4056 1877 4109 et
1902 4045 2061 4130 praemia.
2108 4043 2176 4110 Sed

170 4145 215 4189 ne
244 4143 323 4190 caro
351 4123 522 4210 pertrahat
549 4126 593 4190 ad
617 4127 835 4210 peccandum.
880 4127 930 4193 lta
959 4127 1146 4216 Gregorius
1198 4130 1289 4217 quod
1310 4148 1377 4193 non
1398 4128 1606 4193 remittantur
1627 4148 1757 4213 poenae
1768 4142 1936 4210 aeternae,
1957 4132 2021 4196 nisi
2038 4143 2176 4216 propter

170 4211 213 4274 de
232 4212 448 4277 restitucione
470 4207 625 4297 loquitur,
647 4209 767 4277 falsam
790 4233 867 4279 esse
891 4215 1146 4298 poenitenciam,
1197 4214 1500 4301 compensationem
1513 4224 1677 4280 certarum
1689 4216 1901 4280 traditionum
1911 4226 1969 4281 aut
1978 4216 2176 4304 purgatorij‚

169 4296 200 4359 si
222 4317 288 4362 non
311 4297 455 4362 satisfiat
476 4294 542 4362 illis
564 4318 705 4382 quorum
722 4317 779 4362 res
789 4312 973 4384 occupatas
985 4312 1143 4366 tenemus.
1196 4298 1263 4366 hoc
1283 4320 1352 4367 non
1374 4300 1472 4365 docet
1493 4300 1562 4364 scri
1588 4311 1670 4365 tura.
1714 4299 1944 4388 indulgentiae
1974 4300 2054 4367 olim
2081 4311 2177 4368 erant

168 4378 245 4446 Non
268 4384 353 4448 enim
376 4402 458 4447 rere
480 4379 572 4447 dolet
591 4402 630 4448 se
651 4381 793 4449 furatum
815 4404 905 4464 essa,
924 4397 981 4451 aut
991 4387 1146 4471 rapuisse
1198 4385 1463 4452 condonationes
1488 4320 1698 4471 publicarum
1725 4383 1857 4453 illarum
1888 4389 2175 4465 obseruationum,

167 4467 212 4546 is,
231 4471 286 4552 qui
307 4469 416 4534 adhuc
437 4465 576 4534 furatur.
608 4465 785 4553 Tantisper
801 4471 888 4536 enim
909 4468 1030 4537 furant
1064 4472 1145 4538 redo
1196 4492 1240 4539 ne
1260 4474 1396 4539 nimium
1418 4482 1640 4560 grauarentur
1661 4471 1824 4540 homines.
1863 4471 1962 4547 Quod
1979 4475 2009 4539 si
2031 4471 2176 4540 hnmana

167 4562 233 4703 ἰῖῗὲ,
256 4555 410 4703 dllls'festt‘
427 4555 570 4702 iniusta?
591 4574 776 4704 possespor
793 4552 995 4707 ιιΙίῐοηιιοιζοίἑ
1058 4555 1145 4707 inilia
1196 4555 1766 4708 “militm'‘imi¹‘³d{⁸i⁵⁸s⁸⁰‘³⁰¹¹⁰⁸
1782 4563 2021 4709 etipoenaffiij
2036 4570 2174 4644 queunt,

166 4659 1143 4816 ..1illiinfinitis·..t’flttfitltrtz
1195 4661 1503 4796 stianit.
1530 4655 2174 4796 tirassonensis.
2272 4768 2279 4781 .

165 4821 337 4875 sostomus
359 4811 472 4899 inquit.
517 4812 555 4878 ln
581 4813 684 4879 corde
712 4814 889 4894 contricio,
922 4815 956 4879 in
986 4835 1046 4881 cra
1067 4835 1143 4883 con·
1195 4816 1336 4881 toritate.
1388 4811 1495 4878 Porro
1530 4834 1604 4881 cum
1638 4836 1727 4882 nunc
1755 4836 1817 4920 per
1844 4835 1883 4882 se
1906 4817 2098 4902 antiquatas
2130 4817 2179 4881 sit

1194 4921 1287 4981 mos,
1319 4911 1353 4967 et
1386 4899 1518 4984 quidam
1551 4899 1837 4969 dissimulantibus
1863 4900 2060 4988 Episcopis,
2091 4897 2177 4968 niltll

161 5100 212 5170 70)
228 5104 350 5172 poenae,]
368 5103 418 5157 Ed.
437 5105 478 5156 3.=
494 5118 579 5169 poena

163 5185 212 5256 ii)
228 5193 404 5256 poenitencia,
422 5191 455 5242 da
472 5189 697 5258 conloquium]
714 5190 765 5242 lid.
783 5192 824 5244 in
841 5193 1011 5258 poeniuncia
1027 5191 1142 5259 (dotata
1193 5175 1241 5241 ⁷2)
1259 5170 1384 5242 offendat]
1401 5173 1452 5224 lid.
1469 5174 1510 5226 &a
1528 5172 1664 5228 offendam

232 5259 376 5329 ¹⁰(illidii)
1193 5261 1241 5330 ⁵1³)
1258 5258 1371 5328 menae]
1390 5257 1441 5310 ild.
1459 5258 1499 5311 ia
1514 5273 1600 5325 poene
