4694 6038
158 427 233 494 en
519 423 558 492 n
603 420 838 490 morcon
859 397 1174 489 consessiones
1194 420 1513 491 suensrannn
1556 424 1597 490 n.
1640 421 1833 493 menna
2109 427 2182 497 ne

168 616 241 667 natio
260 615 416 665 delictorum
438 620 549 664 morum.
584 612 758 675 Hieronymus
782 611 825 660 bic
848 620 951 676 praeter
973 625 1028 661 rem
1049 611 1147 661 adiecit
1196 614 1312 680 seqnitur
1344 613 1563 664 condonationem
1598 614 1721 666 diuinum.
1764 613 1840 666 Solet
1867 621 1954 666 autem
1980 614 2098 667 cbristus
2124 617 2177 668 boc

169 683 340 735 dubitetiuem
357 683 518 748 perticulam.
542 684 577 732 ils
594 680 675 730 multo
693 680 879 746 imprudentius
898 680 1014 745 disputet
1026 681 1054 729 in
1068 680 1145 731 Com-
1195 683 1275 731 modo
1293 683 1453 746 coniungere
1469 682 1556 746 legem
1574 689 1600 730 et
1617 683 1797 748 Euangeliunr,
1814 691 1844 734 ut
1860 692 1996 749 utrumque
2014 687 2108 747 eadat
2127 687 2176 736 do·

167 753 311 816 menmrije,
329 753 455 801 incertam
472 765 531 800 esse
548 750 727 802 remissionem
745 755 917 812 peccatorum.
954 749 1008 800 Sed
1027 762 1074 797 noe
1092 763 1144 797 me·
1196 751 1307 800 cenum
1324 749 1385 800 fidei
1402 757 1430 801 et
1446 751 1574 800 bonorum
1592 765 1708 816 operum,
1725 760 1755 800 ut
1770 759 1877 802 moneat
1890 752 2040 817 hypocrisin
2058 755 2176 804 etsimu·

167 821 318 871 minerimus
343 818 514 882 Euangelinm
542 827 614 869 certo
640 818 793 882 promittere
821 816 1000 866 remissionem
1025 824 1145 880 peccato·
1194 819 1321 869 lationem
1343 820 1523 882 poenitenciae
1545 833 1613 881 esse,
1635 821 1687 870 nisi
1711 828 1852 884 sequmtur
1875 822 1937 872 boni
1958 821 2064 873 lrnctus.
2099 822 2176 886 Item,

167 903 234 939 rum.
268 887 345 953 Isque
368 888 474 938 abolere
496 888 670 951 Euangellum
692 885 835 935 censendus
857 891 911 946 est,
935 886 979 947 qui
1000 886 1081 934 sentit
1104 899 1145 933 re·
1194 886 1233 936 Vt
1249 888 1332 937 multa
1347 887 1487 937 babeamus
1504 895 1615 937 externa
1631 889 1707 952 signa
1724 890 1876 953 Euangelij,
1895 897 1921 938 et
1936 891 2097 941 remissionis
2113 906 2173 955 poc·

167 958 319 1007 missionem
334 963 501 1020 peccatorum
517 960 645 1008 incertam
662 969 729 1005 esse.
764 953 930 1005 Dimittamus
952 953 1033 1016 igitur
1050 954 1100 1002 hoe
1118 955 1145 1002 in
1196 962 1323 1017 ustorum,
1341 970 1407 1018 quae
1424 969 1473 1004 nos
1491 957 1733 1020 commonefaciant,
1751 967 1778 1006 et
1793 957 1975 1021 consolentur,
1993 966 2020 1007 et
2037 966 2065 1007 nt
2087 960 2174 1009 multi·

167 1025 228 1076 loeo
245 1024 441 1089 Hieronymum.
477 1024 542 1075 Cum
559 1032 646 1075 autem
667 1023 738 1072 clare
761 1029 874 1087 ponetur
896 1021 1050 1084 promissio,
1073 1028 1145 1071 certe
1195 1025 1299 1089 pliciter
1322 1037 1445 1072 exercere
1468 1022 1547 1073 iidem
1573 1026 1710 1090 possimne.
1750 1023 1794 1076 Sic
1816 1028 1896 1090 igitur
1918 1040 2025 1087 neeesse
2049 1034 2088 1075 est
2108 1030 2174 1076 tales

167 1093 309 1159 requiritur
334 1093 413 1155 ides,
440 1095 500 1157 quia
525 1094 664 1159 promissio
690 1105 744 1141 non
766 1098 855 1154 potest
877 1091 975 1154 accipi,
1000 1090 1051 1140 nisi
1078 1088 1141 1140 tide.
1195 1093 1269 1143 locos
1295 1093 1393 1156 accipi,
1417 1106 1450 1141 ne
1479 1092 1627 1143 aboleamus
1651 1094 1825 1159 Euangelium
1842 1095 1876 1144 de
1894 1092 2014 1157 Christo,
2032 1109 2066 1144 ne
2083 1104 2174 1145 nosue

168 1159 323 1225 Quanquam
341 1169 368 1210 et
389 1161 427 1211 ibi
449 1162 579 1212 indicauit
601 1162 778 1212 remissionem
801 1159 953 1220 contingere
976 1171 1066 1222 posse,
1088 1172 1146 1206 cum
1195 1174 1277 1225 opera
1294 1173 1456 1225 opponamus
1472 1160 1531 1210 Deo
1550 1168 1672 1225 tanquam
1695 1164 1910 1227 propiciationem
1933 1170 1959 1212 et
1982 1164 2110 1227 precium,
2128 1163 2174 1212 ab·

167 1231 215 1291 ait,
231 1229 329 1279 redime
346 1235 463 1294 peccatu.
500 1231 587 1293 Atque
604 1229 668 1280 haec
686 1229 825 1293 promissio
843 1227 1002 1277 remissionis
1024 1232 1144 1290 peecato-
1194 1231 1263 1280 lecto
1282 1228 1394 1285 cbristo.
1432 1229 1497 1278 item
1515 1243 1548 1278 ne
1564 1229 1611 1278 ilat
1628 1231 1727 1280 incerte
1743 1233 1860 1281 remissio
1879 1239 2059 1296 poeoniorum,
2081 1232 2107 1282 si
2125 1231 2172 1282 do·

165 1310 223 1348 rum
240 1311 303 1346 uere
319 1296 477 1362 Prophetiea
495 1306 521 1347 et
536 1297 698 1362 Euangeliou
713 1310 769 1345 uox
787 1304 839 1356 est,
857 1308 935 1359 qnam
956 1300 1027 1343 certe
1048 1294 1144 1344 Daniel
1194 1305 1285 1349 eestm
1300 1298 1413 1361 pendere
1430 1311 1463 1346 ex
1480 1287 1630 1347 conditione
1647 1306 1794 1348 nostrornm
1811 1313 1926 1364 operum.

166 1365 273 1417 uolebat
297 1365 350 1415 lide
380 1367 472 1430 accipi.
512 1365 597 1417 Norat
623 1367 691 1416 enim
719 1362 817 1414 Daniel
843 1365 994 1429 promissam
1020 1376 1076 1413 esee
1102 1377 1144 1411 re·
1264 1366 1368 1417 citetur
1390 1371 1417 1414 et
1439 1380 1472 1414 er
1496 1365 1590 1415 Tobia.
1632 1365 1790 1431 Elemosyna
1813 1368 1845 1417 ab
1875 1367 1946 1417 omui
1975 1375 2084 1431 peccato
2109 1376 2173 1417 eta

165 1434 314 1485 missionem
335 1441 504 1498 peccatorum
526 1443 634 1500 propter
655 1435 770 1484 loturum
793 1446 896 1494 semen,
919 1431 1043 1482 uidelicet
1066 1431 1143 1482 cnsi-
1194 1441 1278 1485 morte
1295 1433 1397 1483 liberat.
1431 1431 1493 1484 Non
1507 1435 1533 1500 ο)
1552 1434 1666 1484 dicemus
1683 1435 1852 1500 Hyperbolen
1870 1449 1941 1497 esse,
1964 1437 2012 1485 etei
2033 1436 2073 1484 sic
2090 1437 2170 1500 accipi

166 1511 247 1564 stum,
264 1517 317 1551 non
335 1503 418 1554 solum
434 1502 577 1566 Israelitis,
598 1503 741 1553 sedetiam
759 1500 878 1550 omnibus
903 1500 1032 1564 gentibus.
1068 1500 1143 1550 Alio·
1195 1503 1279 1565 debet,
1296 1517 1330 1552 ne
1348 1501 1470 1552 detrabat
1486 1502 1518 1551 de
1535 1502 1656 1553 laudibus
1675 1501 1782 1566 Christi,
1800 1504 1872 1553 cuius
1886 1506 1992 1568 propria
2005 1503 2171 1565 suntofficia,

166 1573 211 1638 qui
227 1585 281 1620 non
297 1573 426 1635 potuisset
441 1569 509 1635 Regi
531 1572 650 1637 polliceri
672 1571 850 1621 remissionem
873 1577 1046 1632 peccatorum.
1080 1568 1142 1618 Non
1193 1573 1305 1624 liberere
1322 1586 1339 1620 a
1355 1577 1463 1635 pecosto
1482 1575 1508 1618 et
1531 1585 1548 1620 a
1564 1578 1657 1620 morte.
1693 1571 1747 1624 Sed
1770 1566 1953 1622 rec'urrendnm
1976 1577 2015 1620 eet
2037 1573 2070 1621 ad
2094 1586 2172 1634 regu·

165 1649 206 1690 eat
222 1641 291 1689 enim
308 1639 435 1702 bominis,
452 1640 651 1704 praesertim‘in
669 1639 813 1689 tenoribus
836 1638 950 1702 peccati,
972 1643 1087 1686 statuere
1109 1636 1142 1685 de
1193 1644 1255 1701 lam,
1273 1639 1343 1704 quod
1359 1638 1405 1688 lex
1421 1639 1478 1687 sine
1496 1637 1602 1689 cbristo
1620 1654 1674 1689 nou
1690 1641 1806 1706 prodest.
1842 1641 1949 1690 Plaeeut
1971 1641 2052 1703 igitur
2075 1641 2171 1689 elemo-

164 1708 299 1758 uolnntate
321 1707 375 1757 Dei
397 1710 454 1758 siue
472 1717 543 1759 certo
565 1709 646 1759 uerbo
671 1707 736 1769 Dei,
758 1707 830 1772 quod
847 1706 924 1755 irasci
946 1705 1055 1755 desinet.
1089 1704 1142 1754 Ita·
1193 1723 1273 1772 qnae
1289 1707 1365 1769 Deo,
1383 1721 1448 1770 quae
1466 1715 1606 1771 sequuntur
1627 1710 1879 1770 reconciliationem,
1903 1722 1957 1758 nou
1979 1722 2046 1772 quas
2067 1722 2172 1773 praece·

164 1790 215 1842 qne
233 1776 443 1840 compromissio
469 1784 597 1842 ponatur,
627 1776 690 1826 satia
713 1782 821 1840 apparet
842 1774 940 1838 requiri
963 1774 1056 1836 iidem,
1083 1773 1144 1837 qnia
1195 1777 1268 1828 duni.
1303 1775 1393 1840 Itaque
1419 1775 1534 1825 liberant
1560 1791 1577 1826 a
1600 1785 1709 1841 peccato
1739 1784 1766 1825 et
1789 1792 1805 1827 a
1832 1783 1931 1839 morte,
1961 1791 2016 1826 nou
2038 1790 2072 1825 ex
2095 1790 2173 1840 opere

164 1845 304 1910 promissio
322 1858 376 1894 non
393 1852 482 1909 potest
498 1845 584 1910 aecipi
602 1845 653 1897 nisi
674 1843 736 1894 lide.
772 1842 802 1894 Si
822 1842 887 1892 baec
908 1842 974 1891 fides
997 1855 1030 1890 ex
1052 1841 1143 1890 condi·
1195 1851 1314 1911 operato,
1332 1844 1378 1893 sed
1396 1845 1463 1894 deut
1479 1846 1558 1909 paulo
1582 1850 1643 1894 ante
1667 1846 1701 1895 de
1723 1845 1912 1910 poenitencia!
1917 1847 1929 1905 l
1953 1845 2078 1906 diximus,
2101 1846 2173 1908 quod

165 1915 238 1963 tione
256 1926 362 1978 operum
384 1912 524 1976 penderet,
539 1916 641 1964 incerta
657 1918 726 1962 esset
746 1912 872 1963 remissio.
907 1910 972 1960 Ideo
995 1911 1055 1960 talis
1077 1909 1143 1958 lidos
1194 1913 1349 1964 eoeneum
1365 1912 1491 1963 metibus
1509 1913 1645 1978 complecti
1668 1912 1819 1976 debeamus,
1842 1915 1880 1964 ita
1902 1913 1935 1962 de
1955 1913 2111 1976 elemosynis
2133 1914 2172 1961 iu·

165 1982 315 2044 requiritur,
332 1995 399 2046 qnae
417 1981 527 2032 contidit
542 1980 723 2034 misericordia
740 1989 767 2030 et
787 1979 868 2029 uerbo
892 1979 958 2040 Dei,
979 1992 1035 2029 uon
1058 1977 1144 2042 operi·
1196 1981 1335 2033 dicendum
1359 1989 1411 2043 est,
1433 1980 1505 2045 quod
1527 1983 1632 2045 placeat
1651 1980 1711 2032 Deo
1733 1982 1800 2031 lidos
1823 1995 1880 2032 cnm
1901 1980 2036 2032 fructibus.
2072 1980 2171 2030 Tobiae

164 2049 213 2100 bue
230 2051 337 2099 nostris.
373 2048 451 2110 Quod
475 2057 562 2100 autem
583 2051 661 2113 dicit,
685 2048 784 2099 redime
806 2054 917 2113 peecata
937 2061 986 2111 per
1006 2047 1144 2107 iusticiam,
1195 2052 1265 2101 enim
1283 2050 1451 2099 contionatur
1466 2064 1521 2099 non
1538 2056 1639 2100 tantum
1654 2050 1687 2099 de
1705 2051 1876 2114 elemosynis,
1894 2049 1941 2098 sed
1964 2051 2042 2099 etiem
2060 2048 2093 2098 de
2111 2049 2171 2099 lide.

165 2125 193 2168 st
208 2130 254 2181 per
272 2118 447 2182 elemosynae,
469 2119 540 2169 idem
563 2127 604 2169 eet
625 2133 657 2168 sc
674 2118 696 2167 si
714 2117 827 2176 diceret,
850 2116 949 2165 redime
970 2123 1077 2178 peccata
1094 2128 1141 2179 per
1197 2117 1276 2170 Omni
1292 2124 1408 2182 tempore
1426 2117 1536 2168 benedic
1544 2116 1640 2180 Deum,
1659 2128 1685 2166 et
1702 2126 1760 2182 pete
1778 2120 1811 2169 ab
1829 2132 1861 2169 eo
1879 2125 1909 2167 ut
1925 2117 2087 2181 dirigatnias
2105 2124 2171 2169 tuse.

164 2186 373 2251 posmoeudam,
403 2187 466 2252 qnia
491 2194 580 2238 resim
609 2187 710 2238 tollitur
735 2199 783 2251 per
810 2185 1008 2250 poenitenciam
1050 2183 1142 2247 Neque
1197 2187 1255 2237 Hoc
1277 2192 1363 2236 autem
1385 2186 1492 2250 proprie
1513 2193 1553 2236 est
1568 2186 1638 2237 illiue
1655 2185 1717 2235 lidei
1742 2187 1773 2236 de
1791 2201 1844 2252 qus
1862 2186 2005 2250 loquimur,
2027 2197 2093 2249 quae
2114 2198 2171 2233 een-

164 2253 227 2305 ltinc
240 2255 267 2320 ο)
293 2256 499 2306 ratiocinandum
524 2263 576 2316 eet,
603 2254 672 2319 quod
695 2255 816 2314 ignoscat
838 2253 911 2302 Deus
934 2259 1039 2317 propter
1061 2263 1142 2317 opera
1196 2256 1232 2305 tit
1247 2255 1334 2305 Deum
1351 2267 1408 2309 esse
1424 2255 1568 2320 propicium
1585 2261 1692 2318 propter
1708 2255 1789 2319 ipsius
1813 2253 2032 2315 misericordiam,
2055 2259 2083 2302 et
2106 2255 2173 2315 petit

164 2324 308 2387 sequentis,
323 2323 373 2372 sed
388 2325 503 2387 ignoscit
518 2329 627 2389 propter
641 2323 842 2388 promissionem
863 2321 906 2371 his
923 2321 968 2386 qni
990 2321 1144 2385 promissio·
1197 2330 1226 2374 ut
1251 2327 1339 2373 seruet
1361 2327 1388 2372 et
1412 2322 1539 2385 gubernet
1563 2337 1622 2373 nos.
1656 2321 1701 2372 Ad
1727 2322 1792 2372 baec
1818 2321 1982 2372 concedimus
2008 2321 2170 2384 elemosynas

165 2404 227 2443 nem
243 2390 449 2457 apprehendunt.
614 2458 621 2470 Ι
792 2456 798 2470 ι
996 2457 1002 2470 Ι
1197 2393 1292 2443 mereri
1307 2391 1389 2441 multa
1405 2390 1533 2442 benetlcia
1549 2391 1615 2454 Dei,
1634 2399 1660 2440 et
1676 2391 1788 2443 liberare
1805 2406 1859 2441 non
1875 2404 1892 2440 a
1900 2390 2031 2455 praesenti
2051 2396 2170 2453 peccato.

165 2455 1144 2590 s...istisnttiztitiistilt,iisset:
1197 2459 1606 2587 itiiiffliiffisi
1624 2458 2173 2591 illiulissfi'nfiidfliti‘ll

165 2603 333 2663 peccatorum
360 2596 495 2659 confingat
516 2601 621 2660 propter
647 2607 729 2658 opera
751 2600 857 2655 nostra,
883 2604 938 2641 non
963 2590 1017 2640 ilde
1038 2598 1145 2655 propter
1196 2595 1366 2647 defendemur
1385 2597 1419 2661 in¹
1436 2595 1559 2659 perieulis
1581 2603 1746 2660 peccatorum
1768 2603 1796 2644 et
1816 2597 1929 2646 mortis·
1953 2595 2027 2644 ilaec
2050 2601 2091 2644 est
2111 2596 2172 2643 sim·

167 2663 305 2715 cmm·
341 2662 556 2728 Phil⁰⁸01>¹¹i⁰¹¹¹n
573 2670 612 2712 0⁸⁸
627 2663 656 2712 5¹¹
673 2662 797 2712 0025000
812 2659 947 2720 D⁸¹¹i²¹¹⁸s
970 2658 1035 2708 nihil
1058 2659 1144 2722 “illui-
1197 2665 1258 2731 plex
1283 2664 1431 2724 sentencie,
1454 2663 1560 2727 reliquis
1577 2664 1711 2726 scripturis
1734 2663 1907 2712 consentiens.
1942 2660 1988 2713 Sic
2012 2660 2082 2712 enim
2105 2663 2172 2711 acci·

167 2746 242 2793 rere,
263 2732 316 2782 nisi
336 2730 550 2782 adhortacionem
573 2731 606 2780 de
627 2731 736 2796 imperio
757 2737 829 2779 recte
852 2727 979 2792 gerendo.
1014 2726 1144 2777 Pharisal·
1194 2733 1291 2797 plenda
1306 2737 1367 2781 sunt
1382 2732 1507 2795 preconia
1532 2745 1639 2795 operum
1662 2738 1690 2779 et
1714 2730 1792 2794 legis,
1816 2744 1851 2779 ue
1871 2729 2010 2780 <lembum
2032 2731 2066 2779 de
2088 2730 2174 2794 gloria

167 2814 225 2849 eum
249 2797 444 2863 strubingen,
469 2800 540 2863 quod
561 2806 668 2864 propter
690 2812 754 2864 opus
775 2797 842 2847 illud
866 2797 1003 2859 continget
1023 2795 1144 2845 remissio
1196 2799 1295 2853 ebriati
1313 2806 1340 2847 et
1355 2799 1505 2865 Ensuqelij.

167 2874 341 2934 peccatorum.
356 2910 359 2915 .
377 2865 431 2919 Sed
449 2869 488 2917 lta
503 2868 548 2930 dt,
566 2880 647 2932 opera
662 2867 817 2918 naturaliter
837 2867 974 2916 incurrunt
996 2863 1143 2920 homlnlbffl
1263 2869 1377 2919 nomem
1393 2874 1421 2917 et
1437 2866 1534 2917 dictum
1555 2865 1654 2918 Christi
1676 2867 1745 2932 apud
1762 2865 1875 2928 Lucam
1897 2864 1967 2916 Date
1988 2864 2173 2928 elemosynam,

167 2937 197 2985 ln
214 2936 318 2997 oculos,
337 2936 398 2999 quie
419 2936 500 2987 iidem
522 2950 571 2987 nee
593 2935 730 3000 intelligit,
751 2948 838 2999 neque
860 2933 1010 2984 consideret
1031 2931 1145 2982 bumana
1195 2943 1223 2987 st
1239 2951 1300 2988 ecee
1316 2937 1404 2986 omnia
1420 2936 1518 2985 munda
1538 2943 1598 2985 sunt
1619 2934 1703 2987 uobis.
1738 2934 1821 2985 Plane
1842 2933 1917 2985 surdi
1936 2939 1997 2983 sunt
2018 2933 2172 2998 aduersarii.

166 3005 244 3055 ratio.
278 3003 343 3054 ideo
359 3005 474 3055 somnies
490 3019 571 3069 opera
587 3004 635 3054 iila
649 3006 744 3054 mereri
766 3003 945 3054 remissionem
969 3008 1143 3066 peecatorum.
1195 3004 1284 3056 Toties
1302 3005 1356 3056 iam
1373 3004 1473 3054 dictum
1491 3009 1545 3066 est,
1567 3004 1653 3066 legem
1671 3003 1730 3053 sine
1746 3002 1853 3054 Christo
1874 3016 1929 3052 nou
1950 3003 2091 3066 prodesse,
2112 3016 2173 3066 pro·

166 3073 239 3123 Haec
257 3074 346 3138 opinio
364 3073 517 3123 nataraliter
533 3073 608 3122 beret
624 3073 652 3122 in
671 3072 765 3123 animle
781 3071 929 3132 bominum,
951 3083 1035 3136 neque
1058 3069 1145 3119 excuti
1196 3081 1256 3140 pter
1272 3087 1347 3140 quem
1363 3073 1467 3139 placent
1483 3073 1553 3123 bona
1569 3085 1658 3135 opera
1684 3069 1739 3122 Sed
1756 3072 1796 3122 illi
1812 3071 1917 3134 ubique,
1936 3069 2041 3119 uoluso
2059 3067 2173 3131 Christo,

166 3148 262 3207 immi.
280 3142 332 3191 niti
349 3155 407 3191 Μ
425 3142 551 3192 diffiniit!
568 3140 700 3194 doctum·
734 3140 789 3193 Sed
804 3152 929 3191 mettre
951 3152 1001 3188 ²20⁸
1023 3137 1145 3188 debemus
1196 3142 1292 3194 docem
1308 3143 1403 3192 mereri
1419 3140 1628 3191 iustificationem
1645 3154 1693 3205 per
1710 3152 1791 3204 opera
1807 3140 1881 3203 lepis.
1911 3139 1964 3190 ilio
1981 3137 2054 3188 locus
2071 3138 2175 3201 integer

166 3209 200 3260 ab
217 3209 267 3259 bac
285 3210 382 3259 carneli
399 3211 524 3275 opinione
539 3209 576 3260 ad
592 3209 764 3274 &angelium
781 3216 809 3258 st
830 3208 1029 3273 promissionem
1045 3207 1145 3257 miseri·
1196 3211 1329 3278 prolatus,
1347 3211 1468 3260 ostendet
1478 3211 1507 3276 s)
1531 3215 1558 3258 et
1577 3207 1657 3258 iidem
1679 3209 1784 3273 requiri.
1820 3207 1940 3261 christus
1962 3207 2030 3257 enim
2052 3205 2176 3269 obiurgat

166 3277 287 3340 cordiae,
313 3279 340 3326 in
369 3291 421 3342 qua
439 3274 524 3341 &atis
547 3276 683 3328 exhibetur
704 3277 821 3328 remissio
841 3282 1009 3342 peccatorum
1037 3280 1146 3340 propter
1196 3279 1334 3332 Phariseoe
1351 3279 1491 3329 sentientes
1509 3290 1537 3328 ee
1555 3275 1709 3327 coaneo
1718 3273 2175 3338 munderi,bocest,instisscaricre·

166 3345 307 3397 christum.
342 3345 384 3395 Ita
399 3346 427 3395 in
446 3346 567 3396 omnibus
583 3346 650 3396 locis
668 3344 702 3395 de
718 3345 886 3411 poenitencia
901 3343 968 3395 ides
988 3344 1146 3410 requirenda
1197 3348 1251 3398 bris
1267 3347 1451 3408 ablutionibus,
1468 3346 1538 3395 deut
1552 3345 1733 3410 Papaneecio
1751 3344 1817 3410 quis,
1827 3345 1861 3394 de
1877 3357 1947 3409 aqua
1963 3343 2019 3393 saie
2034 3357 2176 3408 conspersa

166 3419 215 3465 est.
247 3412 355 3464 Summa
371 3415 439 3464 euim
456 3414 614 3465 coutrmefla
629 3418 669 3464 eet
684 3416 713 3464 ln
729 3411 871 3476 Christum
888 3413 1068 3464 remissiom
1085 3425 1146 3477 pee-
1198 3418 1292 3482 inqnit,
1310 3416 1381 3479 quod
1398 3415 1522 3480 populum
1539 3413 1685 3465 sancddoet
1700 3426 1732 3463 ac
1749 3414 1863 3464 mundet.
1893 3412 1930 3461 lle
1945 3413 2022 3476 glosa
2038 3413 2086 3474 ait,
2104 3409 2174 3475 quod

167 3488 283 3534 uterum
300 3483 358 3531 sine
375 3481 481 3533 cbristo
499 3495 634 3547 quaerere.
1198 3485 1307 3536 mundet
1329 3499 1346 3535 a
1372 3483 1528 3534 uenialibua
1569 3481 1648 3532 Tales
1674 3488 1750 3533 eram
1773 3487 1799 3530 et
1819 3479 2004 3531 Pharlsecrum
2029 3480 2176 3546 opiniones,

166 3619 214 3670 s.
237 3547 1148 3684 sititensis‘ei‘nfflisnsns
1198 3550 1764 3682 qffiggchmffl
1779 3547 2175 3668 tetensteten.

166 3684 288 3738 neuter
313 3684 371 3736 liei
397 3686 505 3737 dubium
532 3700 587 3736 non
614 3692 669 3748 est,
696 3687 759 3750 quta
784 3684 907 3752 loquetur
932 3685 966 3735 de
993 3685 1148 3735 seminium
1198 3639 1313 3741 {tium
1331 3690 1494 3741 mundentur.
1530 3688 1570 3738 lit
1584 3686 1659 3737 sodis
1676 3687 1710 3737 de
1726 3655 1857 3737 mendicis
1880 3692 1996 3736 erterm
2031 3683 2101 3734 Dete
2123 3684 2175 3733 ele

167 3756 269 3820 eulpae.
304 3753 411 3805 rrussra
428 3755 497 3805 enim
514 3755 648 3819 quaeritur
663 3755 783 3805 remissio
800 3767 915 3819 poenae,
936 3755 988 3804 niti
1010 3755 1084 3819 prius
1101 3766 1148 3804 eor
1198 3773 1334 3824 mosynam
1351 3758 1384 3808 de
1401 3772 1434 3809 eo
1452 3757 1524 3820 quod
1541 3761 1673 3822 superest,
1697 3763 1724 3804 et
1740 3756 1779 3805 sic
1796 3755 1885 3805 omnia
1907 3761 1984 3803 eruut
2004 3752 2080 3803 uobis
2103 3766 2176 3803 mun·

167 3821 918 3954 mittit*iiii.¹tli⁰tt.i;¹.i:⁰,..⁰iii'¹¹
940 3821 980 3873 ¹¹¹¹
999 3823 1149 3954 {we
1200 3828 1501 3948 initisriliit
1516 3832 1586 3943 iii:
1602 3821 2177 3955 sitltfflttiiilsiimtts

896 3925 905 3951 ,
2059 3927 2066 3940 .

168 3961 219 4010 uile
235 3961 376 4024 largiemur
393 3972 493 4023 poenm
511 3959 604 4022 quibus
628 3958 802 4021 outigamur,
825 3958 940 4020 mitigari
962 3958 1038 4007 bonis
1061 3957 1147 4022 operi-
1200 3965 1289 4013 omnia
1305 3970 1381 4013 erunt
1397 3960 1503 4022 munda,
1520 3960 1658 4021 uidelicet,
1676 3960 1698 4010 si
1715 3962 1785 4010 intus
1804 3961 1877 4010 eritis
1893 3959 1984 4009 mnndi
2002 3966 2029 4008 et
2043 3956 2109 4007 ioris
2127 3957 2177 4005 ele·

168 4027 225 4090 bus,
244 4036 271 4078 ee
287 4034 345 4077 tota
360 4027 543 4092 poenitencia,
566 4027 641 4077 iuxta
657 4026 737 4086 illud,
756 4024 787 4077 Si
809 4038 859 4074 nos
880 4024 1070 4087 indicaremus,
1094 4037 1147 4074 non
1199 4045 1333 4096 musyum
1359 4028 1491 4079 dedentis.
1532 4025 1671 4091 Significat
1696 4030 1767 4078 enim
1792 4029 1865 4091 quod
1893 4034 2002 4077 externa
2032 4025 2177 4075 mundicias

166 4097 340 4147 iudicaremur
356 4110 373 4146 a
388 4093 515 4146 Domino.
549 4095 585 4145 Et
600 4093 694 4145 Ierem.
714 4093 756 4145 lb.
773 4091 804 4144 Si
821 4105 961 4144 conuersus
979 4091 1068 4155 fueris
1086 4105 1147 4142 con·
1200 4099 1355 4150 ωιιοωιᾱι
1372 4099 1406 4147 sit
1421 4098 1450 4146 iu
1468 4094 1591 4159 operibus
1608 4111 1625 4145 a
1642 4094 1701 4145 Deo
1719 4097 1881 4161 praeceptis,
1905 4094 2005 4144 nonin
2028 4093 2177 4143 nantoni-

168 4173 269 4215 ΝΜ
285 4173 321 4216 te.
355 4164 391 4213 Ei
408 4162 503 4214 Mt·
524 4166 548 4213 1·
566 4162 758 4214 fflnsstffimffl
779 4161 815 4212 td
837 4175 889 4222 Μ,
913 4168 941 4210 ⁰⁶
962 4175 1013 4225 08⁰
1038 4175 1147 4213 ⁰0l¹¹¹0¹·
1198 4168 1247 4218 bus
1263 4167 1397 4228 humanis,
1420 4171 1450 4213 ut
1467 4171 1529 4213 tunc
1546 4170 1622 4213 mant
1637 4163 1699 4215 illae
1717 4163 1877 4224 ablutiones,
1900 4169 1926 4211 et
1943 4176 2012 4212 nunc
2034 4169 2074 4211 est
2092 4161 2177 4225 quoti·

168 4238 211 4285 tar
227 4234 263 4284 ad
278 4247 336 4284 nos.
353 4232 391 4282 lit
406 4231 502 4284 PseIm.
521 4231 564 4283 49.
582 4232 680 4282 huosa
696 4245 737 4280 me
753 4230 782 4280 in
800 4229 843 4282 die
860 4229 1043 4281 tribulationis.
1199 4237 1279 4288 dim
1295 4236 1410 4302 aspasio
1428 4245 1521 4296 aquae,
1538 4233 1649 4281 uestitus
1666 4230 1868 4293 iiouacbornm,
1886 4231 2036 4280 discrimine
2053 4229 2178 4291 ciborum,

237 4300 283 4353 Sit
300 4301 469 4351 iudimdum
487 4307 527 4350 tsi
544 4299 612 4365 Μ)
630 4300 663 4349 de
680 4298 731 4349 1¹⁰0
746 4298 818 4361 10⁰0.
835 4296 971 4350 Milite
990 4305 1016 4348 οἳ
1032 4299 1147 4349 milti&
1199 4312 1227 4357 et
1243 4306 1342 4355 slmiles
1360 4315 1479 4368 pompae.
1515 4298 1569 4351 Sed
1591 4300 1734 4367 aduersarii
1758 4306 1925 4365 corrumpunt
1947 4299 2106 4348 sentenciam
2128 4296 2178 4348 So·

167 4376 211 4420 tur
227 4368 312 4422 uobis.
347 4368 395 4419 list
412 4370 481 4419 enim
498 4383 566 4433 pene
583 4368 673 4420 similis
690 4367 785 4419 concio
807 4367 840 4420 de
862 4367 1035 4433 poenitencia.
1070 4366 1148 4417 Prior
1199 4374 1307 4441 pumice
1324 4373 1449 4423 muslera
1469 4369 1599 4436 partionis
1621 4368 1761 4419 uniuersali
1784 4368 1818 4418 ad
1840 4382 1920 4418 uuam
1942 4374 2058 4433 partem,
2083 4365 2179 4418 Omnia

168 4438 298 4558 pocula
320 4437 430 4501 requirit
454 4439 523 4488 bona
549 4450 643 4502 opera,
672 4435 809 4488 Posterior
833 4436 908 4486 addit
938 4437 1147 4500 promissionem.
1200 4451 1277 4493 mne
1292 4442 1399 4504 nuum,
1416 4439 1483 4490 datis
1500 4438 1667 4502 elemosynis,
1683 4445 1713 4486 ut
1729 4437 1754 4487 si
1771 4437 1828 4501 quie
1845 4436 2024 4486 ratiocinetur.
2057 4435 2178 4489 Andreas

196 4521 261 4571 eque
290 4512 330 4556 est
354 4505 577 4569 ndodnmdum,
597 4504 675 4568 ‘quod
700 4512 793 4556 nostra
821 4504 982 4556 condonatio
1008 4519 1041 4556 er
1069 4517 1148 4571 opere
1199 4511 1282 4574 adase
1313 4513 1394 4575 igitur
1423 4520 1513 4559 omnes
1540 4506 1659 4571 Apostoli
1693 4506 1796 4555 adsunt.
1841 4502 1928 4564 Quare
1954 4504 1983 4554 in
2009 4503 2179 4555 antecedente

168 4583 288 4695 iffi
301 4575 543 4709 sitisti.
556 4571 1147 4708 ffiiffissibiiffoffllini?
1199 4574 1739 4707 ritits‘ilt'ntiffliiii
1754 4572 1914 4691 ἓὲῗέξᾝῖ
1928 4573 1994 4691 itt
2007 4573 2178 4704 lirini·

167 4712 270 4763 alonem
286 4712 446 4763 remissionis
469 4718 649 4777 peccatorum,
671 4712 709 4760 lta
731 4711 847 4761 amaedt
869 4715 896 4759 et
918 4710 993 4760 bonis
1016 4710 1145 4776 operibus.
1200 4720 1254 4769 wi
1272 4717 1362 4770 eorda,
1397 4711 1517 4776 Quodsi
1539 4712 1620 4763 eorda
1641 4713 1695 4762 siut
1716 4710 1858 4772 mundata,
1881 4716 1909 4759 et
1931 4708 2025 4760 deinde
2048 4706 2111 4758 ioris
2135 4721 2178 4757 ee·

169 4779 206 4831 Bt
221 4781 287 4831 sicut
305 4782 332 4829 ln
351 4794 434 4830 coena
449 4780 558 4831 Domini
575 4794 629 4831 nou
647 4780 828 4843 consequimur
851 4777 1032 4829 remissionem
1054 4792 1147 4845 pecea-
1201 4787 1295 4839 esame
1312 4786 1485 4848 elemosynae,
1502 4780 1553 4831 boc
1577 4786 1624 4842 eet,
1647 4792 1729 4844 opera
1752 4778 1869 4829 carimde
1892 4777 1976 4828 omnis
1999 4778 2117 4842 generis,
2140 4776 2180 4826 ita

169 4855 258 4900 torum
283 4849 341 4900 sine
367 4847 420 4898 ide
443 4862 477 4898 ex
502 4861 582 4914 opere
608 4853 727 4912 operato.
761 4846 803 4896 Ita
828 4859 912 4912 neque
935 4847 964 4896 iu
984 4845 1036 4898 lroc
1058 4861 1146 4912 opere,
1201 4857 1251 4907 soei
1268 4862 1344 4906 me
1359 4850 1459 4912 mundi,
1475 4848 1526 4900 boo
1544 4855 1596 4910 set,
1614 4861 1668 4898 nou
1685 4847 1769 4898 solum
1786 4847 1865 4908 intus,
1881 4847 1929 4897 sed
1945 4845 2009 4898 ioris
2027 4846 2112 4897 etiam.
2137 4843 2181 4893 Ac

169 4915 227 4969 luo
243 4924 334 4968 noema
350 4917 508 4968 condonatio
527 4931 581 4968 uon
599 4912 755 4967 estbcrnm
772 4929 852 4980 opus,
874 4915 926 4966 nisi
949 4928 1007 4965 enm
1026 4915 1057 4965 it
1073 4930 1091 4967 a
1106 4929 1147 4967 re·

171 4986 327 5038 wnoilisds.
361 4982 427 5038 Ideo
444 4993 535 5037 nosue
556 4986 731 5047 condonatio,
754 4997 821 5050 quae
842 4983 947 5048 quidem
970 4984 1057 5049 placat
1080 4984 1149 5046 Dec,

179 5135 189 5153 “
211 5134 259 5154 ““
281 5133 364 5156 ““““
367 5134 382 5154 ”
1220 5129 1540 5226 esculentiores

191 5239 499 5308 unnenscare
1220 5241 1251 5311 i)
1268 5242 1446 5308 poenitencia]
1462 5239 1512 5294 lid.
1531 5243 1557 5293 4.
1576 5246 1628 5309 typ.
1647 5254 1714 5293 m
1730 5240 1882 5307 poenitente

190 5323 527 5394 stelantem.
1220 5324 1659 5397 stomselreeznenen
