4702 6030
177 277 266 372 cos
530 306 570 375 n.
613 305 844 375 aronocra
864 303 1184 373 consessionis
1205 271 1522 374 ansnsraunn
1566 309 1608 376 n.
1649 304 1840 374 munna.
2123 250 2206 370 sur

180 494 386 579 coniungere
401 496 593 562 sentencias
610 491 804 579 profuisset.
837 491 923 558 Nam
932 484 1159 559 Tertullianus
1184 502 1187 544 ἰ
1210 492 1363 558 remissio
1384 505 1619 578 peccatorum,
1645 510 1703 562 aut
1732 504 1885 579 potestas
1908 489 2049 558 clauium
2070 489 2190 558 intelli·

242 580 316 662 egie
344 580 386 643 da
414 579 480 647 fide
502 580 666 666 loquitur,
699 577 906 665 amplificans
933 579 1160 644 iusiurandum
1281 590 1311 657 t,
1340 579 1370 643 ei
1422 580 1454 645 ui
1482 583 1645 666 priuatam
1672 578 1930 646 Absolutionem
1959 589 2190 663 aspernantur.

177 596 263 729 lilla
292 665 380 748 apud
402 665 613 751 Prophetam.
661 664 747 731 Viuo
771 684 862 749 ego,
881 664 962 729 dicit
981 663 1159 743 Dominus,
1239 673 1386 730 aeterum
1398 600 1441 731 de
1452 669 1698 734 enumeratione
1714 663 1910 731 delictorum
1927 664 1961 727 in
1978 661 2192 730 consessione

178 746 261 815 nolo
284 763 423 816 mortem
446 753 655 835 peccatoris,
684 753 745 816 sed
772 761 809 816 vt
830 752 1098 825 concertatur²⁹)
1128 762 1161 815 et
1210 750 1487 833 supradiximus,
1510 753 1810 839 quodsenoiamus
1833 770 1906 814 eam
1930 769 1996 815 non
2019 768 2097 815 esse
2120 751 2198 816 iure*
2267 764 2277 774 ·

179 836 284 900 uiuat.
334 834 420 908 Quia
453 837 538 901 enirn
571 839 657 903 iurat
684 836 796 915 Deus,
826 832 917 902 nolle
950 855 989 901 se
1021 848 1159 900 mortem
1211 835 1322 902 diuino
1335 839 1574 919 necessariam,
1595 830 1782 923 Namquod
1802 834 2118 920 obijciuntquidam,
2139 836 2191 900 lu·

225 924 387 1001 ccatoris,
414 924 561 988 ostendit
580 922 706 1008 requiri
733 921 851 999 fidem,
882 932 920 985 vt
946 922 1066 986 iuranti
1089 943 1161 1005 cre·
1211 921 1318 986 dicem
1339 922 1431 1004 prius
1454 925 1576 990 dehere
1599 942 1810 1010 cognoscere
1829 941 1977 1000 causam,
1999 923 2192 1006 priusquam

226 1026 318 1081 mus,
347 1017 379 1072 et
408 1020 501 1073 certo
530 1021 713 1074 statuamus
742 1027 816 1073 eum
845 1006 943 1071 nobis
971 1008 1160 1093 ignoscere.
1210 1008 1419 1091 pronunciat,
1441 1008 1508 1075 hoo
1525 1011 1606 1076 nihil
1628 1011 1672 1076 ad
1689 1007 1778 1074 hano
1793 1028 1864 1073 rem
1880 1009 2051 1092 pertinet,
2062 1010 2108 1085 ⁸⁴)
2116 1007 2193 1091 qnia

180 1088 306 1176 Magna
327 1092 427 1158 debet
448 1114 528 1158 esse
549 1097 711 1159 autoritas
729 1094 817 1176 apud
828 1112 891 1156 nos
905 1093 1160 1174 promissionum
1211 1092 1424 1158 ministerium
1444 1094 1677 1175 absolutionis,
1700 1092 1894 1160 beneficium
1913 1105 1976 1168 est,
1996 1112 2057 1158 seu
2098 1093 2195 1172 retia,

180 1176 364 1242 diuinarum
387 1198 448 1263 per
460 1199 548 1243 sese.
582 1178 733 1244 Athaco
755 1179 932 1262 promissio
956 1179 1160 1243 etiamiure·
1211 1197 1279 1242 uon
1303 1190 1355 1242 est
1376 1179 1531 1246 iudicium
1553 1202 1614 1248 seu
1636 1179 1703 1248 lex.
1737 1179 1852 1264 ltaque
1870 1179 2011 1243 ministri
2031 1114 2194 1244 inllccle·

179 1262 319 1330 iurando
347 1264 543 1330 confirmata
569 1277 630 1330 est.
676 1263 790 1337 Quare
816 1264 923 1348 siquis
950 1283 1017 1329 non
1046 1265 1160 1330 statuit
1211 1263 1263 1327 sia
1284 1260 1409 1328 hahent
1435 1267 1625 1335 mandatum
1647 1265 1834 1331 remittendi
1857 1275 2015 1349 peecata,
2043 1285 2113 1328 non
2135 1263 2194 1328 ha·

182 1347 246 1412 sibi
274 1349 423 1433 ignosci,
456 1352 486 1416 is
513 1343 616 1452 degat
641 1348 751 1415 Deum
777 1369 892 1413 verum
914 1348 1062 1428 iurasse,
1118 1371 1162 1414 ua
1212 1350 1292 1413 bent
1320 1351 1509 1415 mandatum
1537 1351 1765 1440 cognoscendi
1792 1346 1924 1417 occulta
1952 1361 2103 1434 peccata.
2147 1347 2191 1413 Et

181 1430 390 1517 blasphemia
422 1437 569 1502 atrocior
600 1432 693 1501 nulia
720 1435 903 1521 excogitari
929 1446 1051 1517 potest.
1095 1371 1161 1502 lic
1212 1434 1344 1519 quidem
1376 1435 1558 1511 absoluunt
1597 1441 1640 1503 ab
1672 1437 1726 1503 his
1759 1455 1846 1522 quae
1878 1454 1945 1500 non
1978 1436 2195 1515 meminimus,

180 1520 267 1584 enim
307 1520 354 1585 ait
393 1519 629 1587 Tertullianus.
689 1520 809 1585 inuitat
845 1521 972 1604 premio
1009 1518 1162 1598 salutem,
1212 1539 1316 1604 quare
1345 1519 1514 1588 absolutio
1542 1543 1629 1610 quac
1656 1535 1708 1589 est
1735 1543 1802 1586 vox
1825 1519 1998 1606 Euangelij
2022 1521 2194 1584 remittens

179 1605 294 1671 iurans
316 1607 434 1686 etiam,
459 1606 548 1673 Viuo
571 1607 754 1686 dicens,⁸⁰)
790 1605 880 1689 cupit
901 1605 962 1669 sibi
985 1605 1086 1672 credi.
1131 1603 1161 1668 Ο
1211 1615 1353 1689 peecata
1390 1618 1422 1671 et
1456 1607 1639 1674 consolans
1672 1606 1916 1689 conscientias,
1953 1626 2020 1670 uon
2060 1605 2196 1689 requirit

138 1762 146 1777 ,
178 1690 299 1756 beatos
326 1711 466 1776 quorum
492 1712 596 1759 causa
621 1693 707 1759 iurat
734 1690 840 1756 Deus.
886 1689 915 1754 0
943 1691 1160 1772 miserrimos,
1212 1691 1501 1777 cognitionem.⁸⁴)
1547 1694 1587 1759 Et
1621 1689 1794 1761 ridiculum
1828 1703 1880 1757 est
1913 1689 1979 1756 huc
2007 1691 2192 1756 transferre

179 1777 212 1841 si
232 1796 297 1843 nec
320 1777 441 1843 iuranti
458 1776 603 1843 Domino
628 1779 804 1842 credimus.
843 1777 956 1862 Atque
977 1777 1032 1842 hio
1053 1778 1162 1844 scien·
1213 1777 1337 1842 dictum
1358 1774 1570 1858 Salomonis,
1599 1780 1786 1866 Diligenter
1814 1799 1854 1841 co
1881 1780 2039 1853 nosceli)
2070 1774 2195 1842 vultum

179 1862 259 1927 dum
282 1872 346 1940 est,
368 1864 458 1947 quod
479 1862 566 1929 haec
580 1863 666 1928 fides
683 1865 802 1929 debeat
818 1863 954 1941 sentire,
977 1864 1067 1947 quod
1086 1883 1161 1949 gra·
1211 1862 1346 1947 pecoris
1373 1866 1430 1929 tui.
1475 1863 1567 1930 Nihil
1599 1867 1685 1931 enim
1712 1865 1837 1930 dioitS
1875 1881 1974 1927 omon
1997 1863 2039 1927 dc
2061 1861 2195 1928 confes·

168 1947 224 2013 ris
247 1949 346 2012 nobis
367 1949 524 2034 ignoscat
547 1947 641 2015 Deus
663 1958 801 2033 propter
823 1946 1003 2025 Christum,
1026 1959 1162 2034 propter
1211 1948 1324 2025 sione,
1357 1950 1419 2014 sed
1447 1953 1547 2016 tradit
1572 1951 1831 2018 oeconomicum
1861 1960 2076 2033 praeceptum
2109 1948 2195 2032 patri

179 2049 275 2099 suam
291 2034 559 2117 promissionem,
580 2055 648 2100 non
663 2047 801 2121 propter
818 2045 1061 2118 nostreopera,
1084 2054 1162 2099 cou-
1211 2029 1372 2113 familiae,
1401 2047 1437 2100 vt
1459 2047 1570 2103 vtetur
1590 2057 1670 2114 sno,
1693 2048 1728 2100 et
1748 2035 1916 2100 abstineat
1937 2036 1981 2098 ab
2003 2031 2129 2106 alieno,
2162 2043 2196 2098 et

178 2118 363 2192 tuicionem,
382 2116 640 2200 consessionem,
662 2131 719 2186 aut
730 2119 991 2185 satisfactiones.
1000 2123 1046 2195 ⁸¹)
1075 2120 1160 2185 Nam
1211 2119 1302 2186 iubet
1332 2140 1408 2185 eum
1438 2141 1494 2186 res
1516 2143 1598 2188 suaa
1627 2120 1804 2209 diligenter
1826 2139 1963 2197 curare,
1994 2119 2039 2183 ita
2069 2131 2193 2197 tamen,

179 2204 211 2270 si
243 2203 327 2269 fides
357 2207 480 2271 nitatur
512 2206 565 2272 his
595 2208 770 2292 operibns,
809 2206 920 2270 statim
951 2203 988 2269 fit
1021 2207 1160 2284 incerta,
1212 2224 1255 2270 ne
1281 2205 1391 2270 studio
1422 2208 1648 2293 augendamm
1670 2203 1882 2282 facultatum,
1912 2215 2097 2289 occupatus
2125 2204 2195 2267 ani·

180 2290 259 2376 quia
288 2291 494 2357 conscientia
540 2293 638 2358 auide
666 2292 757 2357 videt
781 2290 867 2358 haec
896 2310 1000 2376 opera
1026 2292 1161 2378 indigna
1212 2310 1304 2368 mus,
1332 2291 1469 2378 abijciat
1490 2295 1642 2359 timorem
1664 2290 1745 2363 Dei,
1776 2305 1833 2356 aut
1850 2289 1971 2366 fidem,
1999 2301 2057 2354 aut
2080 2309 2194 2353 curam

181 2392 271 2441 esse.
310 2375 387 2440 ideo
410 2315 584 2461 praecliare
605 2378 651 2441 ait
666 2377 865 2442 Ambrosius
888 2376 930 2439 de
950 2379 1160 2460 poenitentia.
1212 2377 1307 2443 vorbi
1332 2374 1408 2441 Dei.
1459 2377 1527 2445 Sed
1560 2376 1744 2463 aduersarij
1778 2376 1885 2441 nostri
1918 2373 2057 2440 mirifica
2088 2371 2194 2439 Meta·

179 2459 273 2547 Ergo
296 2471 329 2525 ct
350 2462 513 2547 agendam
535 2462 785 2548 poenitentiam,
815 2474 849 2527 et
876 2463 1084 2527 tribuendam
1104 2483 1161 2529 ve·
1211 2457 1384 2546 morphosi
1401 2462 1641 2530 transformant
1658 2466 1747 2530 diota
1764 2461 1962 2546 scripturae,
1977 2461 2010 2524 in
2029 2455 2195 2545 quaslibet

177 2548 267 2612 niam
281 2545 429 2611 credere
450 2566 515 2612 nos
538 2548 712 2628 conuenit,
743 2558 778 2613 vt
803 2547 935 2612 veniam
957 2557 1067 2612 tamen
1090 2557 1160 2612 tan·
1210 2547 1413 2615 sentencias.
1463 2548 1526 2614 llic
1559 2568 1767 2636 cognoscere
1801 2546 1967 2633 significat
2001 2545 2050 2611 eis
2078 2545 2194 2609 audire

201 2652 278 2697 uam
311 2650 354 2695 ex
388 2630 454 2696 lide
482 2652 672 2717 speremus,
705 2641 861 2720 tanquam
889 2651 932 2696 ax
964 2633 1159 2718 syngrapha
1212 2628 1455 2699 confessiones.
1488 2631 1611 2700 Vultus
1630 2655 1698 2699 non
1710 2645 1880 2698 externam
1890 2631 2192 2709 conuersationem,

176 2652 263 2782 ades
284 2717 449 2801 impetrat.
489 2717 570 2784 item
591 2718 675 2783 fidas
698 2731 752 2783 est
773 2737 859 2803 quae
879 2728 1020 2802 peccata
1040 2728 1158 2783 nostre
1209 2717 1271 2780 sed
1297 2735 1422 2783 arcana
1451 2720 1689 2785 conscientiae.
1734 2717 1888 2782 Pecudes
1917 2715 2107 2802 significant
2135 2715 2193 2782 ho

176 2804 337 2887 cooperit.
389 2800 513 2869 Extant
545 2803 659 2889 itaque
691 2804 882 2870 sentenciae
908 2803 998 2888 apud
1026 2802 1157 2883 Patres,
1208 2802 1326 2867 mines.
1371 2801 1462 2869 Saue
1484 2802 1573 2871 helia
1595 2816 1646 2870 est
1664 2802 1910 2888 interpretatio,
1939 2815 1972 2867 et
1994 2805 2026 2868 di
2075 2803 2192 2869 aistis

176 2907 245 2953 non
273 2884 383 2953 solum
411 2889 453 2953 de
480 2891 686 2956 contricione
708 2901 741 2956 et
769 2890 944 2975 operibus,
973 2889 1156 2964 sedetiam
1208 2892 1492 2972 contemptoribus
1530 2891 1716 2956 studiorum
1755 2885 1974 2973 eloquentiae.
2023 2823 2123 2961 glou
2161 2888 2192 2953 si

177 2972 322 3039 deiide.
365 2972 492 3039 Verum
521 2976 729 3062 aduersarij,
764 2997 838 3043 cum
866 2994 976 3060 neque
1003 2987 1157 3041 naturam
1207 2970 1288 3039 velit
1304 2970 1425 3061 aliquis
1466 2996 1504 3042 er
1515 2976 1758 3043 similitudinem
1773 2970 1960 3040 transferre
1976 2980 2192 3056 praecaptum
2222 2997 2225 3005 ·

174 3059 398 3144 poenitentiae
424 3057 628 3148 intelligant,
656 3081 766 3149 neque
792 3080 979 3128 sermonem
1006 3060 1154 3141 Petrum,
1206 3079 1229 3125 c
1251 3070 1346 3145 patre
1367 3060 1403 3126 sa
1437 3062 1509 3128 'ias
1531 3063 1574 3128 ad
1595 3072 1764 3147 pastorem
1785 3055 1977 3137 Ecclesiae,
2006 3069 2097 3122 certe
2119 3055 2191 3122 vnl-

152 3156 360 3228 excerpunt
381 3144 471 3210 dicta
492 3148 535 3213 de
556 3158 651 3231 parte
673 3147 909 3233 poenitentiae,
933 3145 1089 3213 videlicet
1112 3147 1156 3214 de
1208 3156 1276 3209 tum
1300 3146 1434 3213 debebit
1454 3148 1665 3233 interpretari
1693 3149 1736 3213 de
1757 3155 1896 3212 externa
1922 3143 2190 3210 conuersatione.

175 3230 346 3314 operibus,
362 3228 453 3298 Alibi
469 3232 559 3298 dicta
574 3232 705 3314 deiide,
724 3254 799 3302 cum
816 3253 884 3301 non
899 3229 1153 3320 intelligant⁸²)‚
1205 3228 1299 3297 Haec
1326 3229 1505 3299 similitudo
1537 3234 1644 3320 magis
1677 3232 1870 3319 quadrabit,
1903 3230 1971 3297 Sed
2001 3228 2190 3294 omittamus

173 3325 399 3401 praetereunt.
1205 3315 1282 3381 ista.
1314 3316 1503 3404 Aliquoties
1525 3319 1563 3384 iit
1582 3321 1616 3385 in
1636 3317 1781 3384 Psalmis
1804 3317 1928 3382 mentio
1952 3311 2189 3395 consessionis,

1205 3411 1253 3478 vt,
1274 3399 1364 3480 Dixi,
1386 3403 1573 3473 confitebor
1589 3405 1766 3471 aduersum
1788 3423 1842 3468 me
1858 3401 2059 3469 iniusticiam
2080 3421 2189 3466 meam

191 3516 193 3520 ⁴
736 3518 740 3524 ·
1203 3484 1370 3569 Domino,
1404 3502 1438 3555 et
1469 3503 1506 3557 tu
1532 3491 1688 3556 remisisti
1717 3489 1761 3553 ini
1787 3488 1921 3554 uitatem
1954 3487 2086 3573 peccati
2112 3485 2188 3551 mei.

172 3568 239 3635 DE
266 3567 622 3636 coususswuu
648 3571 712 3638 ΕΤ
738 3569 1154 3638 SATlSFADTlOND
1204 3570 1297 3637 'l'alis
1317 3572 1488 3642 consessio
1509 3577 1650 3662 peccati,
1672 3594 1759 3661 quae
1811 3593 1851 3639 eo
1874 3572 1922 3651 fit,
1943 3583 1997 3639 est
2014 3573 2088 3657 ipsa
2107 3591 2188 3636 oon—

1204 3658 1311 3724 trioio.
1353 3659 1440 3727 Nam
1473 3681 1547 3728 curn
1580 3661 1655 3729 Deo
1686 3658 1725 3725 fit
1759 3655 1948 3738 confessio,
1979 3655 2083 3722 corde
2114 3655 2188 3722 fieri

260 3742 346 3808 Boni
367 3720 427 3808 viri
450 3742 551 3810 facile
572 3745 774 3826 indimota)
796 3756 952 3831 possunt,
972 3742 1151 3894 plurimum
1203 3761 1347 3812 necesse
1367 3758 1432 3826 est,
1453 3767 1522 3813 non
1541 3744 1653 3814 solum
1675 3766 1772 3824 voce,
1793 3746 1880 3812 sicut
1899 3743 1937 3808 fit
1954 3745 1988 3808 in
2008 3742 2122 3807 scenis
2143 3743 2187 3807 ab

172 3823 314 3907 referre,
335 3839 373 3892 vt
395 3829 437 3894 da
458 3832 685 3914 superioribus
707 3832 872 3916 partibus,
895 3831 971 3897 vide
985 3833 1050 3897 icet
1072 3851 1151 3897 con·
1203 3826 1433 3899 histrionibus.
1477 3833 1541 3898 Est
1563 3834 1665 3920 igitur
1687 3830 1764 3899 talis
1794 3826 1984 3906 consessio,
2014 3827 2187 3907 contricio,

172 3913 314 3980 tricione
338 3924 372 3978 et
396 3911 474 3993 fide,
495 3926 717 4004 conseruetnr
740 3935 821 3981 vera
838 3916 1001 3981 doctrina.
1037 3916 1152 4003 ltaque
1202 3915 1237 3978 in
1261 3919 1541 4004 quaxsencientes
1563 3920 1646 3984 iram
1664 3918 1740 3992 Dei,
1764 3911 2082 3984 confitemur'Deum
2101 3915 2189 3979 iuste

171 3996 207 4067 in
228 3998 281 4065 his
302 3997 390 4064 locis
412 3995 620 4065 illustrandis
639 4019 772 4103 semper
787 3998 863 4084 plus
880 4000 1005 4066 versati
1022 4019 1152 4081 sumus,
1173 4041 1180 4088 ,
1203 3999 1317 4078 irasci,
1340 4021 1403 4067 neo
1425 4000 1551 4087 placari
1572 4000 1677 4090 posse
1693 4005 1820 4071 nostris
1833 4003 2003 4089 operibus,
2023 3999 2187 4066 Ettamen

173 4085 217 4151 de
244 4085 460 4151 consessione
493 4096 527 4151 et
554 4082 841 4151 satisfactionibus
873 4105 941 4150 non
974 4085 1151 4151 admodum

117 4184 120 4188 ’
170 4170 270 4237 rixati
291 4191 419 4237 sumus.
456 4169 542 4237 Nam
564 4183 598 4237 et
620 4190 683 4236 nos
705 4167 954 4237 confessionem
971 4169 1151 4237 retinemus

172 4258 350 4408 gpeoipue
371 4267 509 4362 propter
530 4254 802 4337 Absolutionem,
830 4275 918 4362 quae
939 4268 991 4323 est
1014 4259 1152 4324 verbum
1203 4307 1251 4376 Μ)
1269 4309 1332 4375 quia
1348 4310 1520 4361 mmm
1543 4310 1718 4363 abroruuonu
1736 4335 1769 4347 —
1787 4336 1821 4347 -
1839 4334 1873 4347 -
1891 4320 1946 4359 m
1967 4307 2078 4375 require
2095 4310 2186 4372 mant·

227 4364 255 4420 ¹·
280 4342 370 4429 (1⁰⁰³
392 4343 434 4408 ‘¹⁰
455 4341 600 4432 ⁸¹¹¹ss¹¹ll⁸
621 4344 798 4410 ³⁸l⁰fi⁸⁸l⁶
820 4343 932 4410 ‘liulfi‘
953 4343 1152 4429 Pf⁰¹¹¹¹¹¹⁰l⁰l
1272 4378 1392 4444 nonem]
1416 4378 1498 4430 eura.
1524 4380 1616 4431 r-r.=
1643 4380 1705 4443 qua
1729 4377 1872 4429 annotatio
1897 4385 1937 4427 en
1960 4379 2082 4428 executio
2106 4379 2186 4427 auem

167 4439 320 4514 poteslas
343 4401 496 4494 clunium·
531 4427 644 4502 Quare
664 4429 799 4512 implum
821 4439 915 4497 esset
932 4448 974 4496 0¹
994 4427 1153 4495 Ecclesia
1272 4447 1399 4515 beneficii,
1417 4463 1470 4499 non
1489 4458 1528 4498 ert
1544 4449 1679 4499 iudicium.
1716 4445 1835 4498 Christus
1854 4445 1922 4496 enim
1946 4445 2019 4495 dedit
2034 4445 2186 4496 mandatum

166 4514 330 4601 priuatam
361 4512 618 4582 Absolutionem
651 4512 780 4582 tollere.
832 4516 952 4606 Neque
992 4515 1071 4602 quid
1103 4516 1149 4580 sit
1270 4516 1420 4634 ffimdi
1437 4525 1554 4636 pium
1564 4517 1603 4636 gd
1619 4516 1770 4566 mmo-mm
1775 4523 1951 4633 deinauupltg
1968 4514 2101 4633 milmln
2102 4513 2186 4634 ”139³

1272 4592 1367 4717 potelltt
1376 4600 1470 4717 3⁸20,
1485 4593 1549 4720 ᾗ
1565 4599 1793 4719 ἰιῗίὶιιὶᾛῗοοοῗω
1803 4598 1961 4714 ⁸reiltiitunt:
1980 4597 2048 4718 quil
2070 4667 2118 4702 neo
2134 4583 2185 4702 rio‘:

1268 4722 1320 4787 iprl
1346 4724 1522 4784 meminimus,
1548 4724 1641 4790 quibua
1667 4724 1840 4772 remitumtur.
1881 4721 1916 4770 lit
1940 4723 1963 4771 ai
1988 4720 2115 4786 penderat
2139 4733 2180 4770 re·

165 4805 215 4873 lb)
233 4803 413 4875 conuartatur]
431 4805 480 4857 lid.
499 4808 525 4859 3.
542 4813 595 4875 epp.
615 4822 681 4857 am:
701 4812 888 4858 conuutautur
1269 4789 1669 4912 ffffehssuwssffifflpum
1690 4796 1826 4910 ”timi
1849 4789 1958 4909 5⁰⁰⁰?-
1986 4789 2184 4909 ἕῖἒιωῗὼῗ

166 4890 215 4958 ⁸⁰)
234 4892 345 4960 ἀίω]
362 4892 412 4944 Ed·
431 4892 473 4944 ⁸¹²
491 4892 610 4958 (dmm)
1270 4927 1411 4978 ursonem
1426 4873 1811 4994 licqollalofld,ulgunplartirllll¹
1823 4873 2042 4993 qdqpnqum
2064 4925 2179 4991 &mute

165 4977 215 5046 ³1)
233 4986 280 5029 aut
303 4978 516 5044 mucosum]
543 4977 627 5030 liditt.
657 4978 751 5029 2-4...
777 4975 984 5029 audentiorem
1009 4986 1056 5030 aut
1082 4977 1148 5030 dila·
1269 4994 1381 5048 donem,
1416 4997 1485 5050 Nm
1501 4999 1567 5050 qm,
1584 4999 1648 5063 qui,
1663 5004 1727 5048 ηομ
1743 5003 1819 5059 mg,
1837 4997 1991 5048 „om
2013 5001 2177 5058 mmmm,

235 5048 356 5099 ctionem.
1029 5060 1033 5066 '
1268 5069 1295 5115 at
1316 5072 1409 5129 postas
1429 5068 1583 5121 nominatim
1604 5066 1785 5130 remittuntur,
1806 5066 1830 5117 si
1852 5071 1928 5116 autor
1949 5063 2016 5115 uelit
2037 5063 2121 5128 rooipl
2142 5063 2177 5113 ab

164 5132 213 5199 ⁸2)
230 5129 399 5198 intelligent]
415 5131 499 5183 suta.
516 5132 608 5189 t-‚aa
625 5131 784 5198 inussigunt,
1266 5130 1396 5186 sareas

162 5216 213 5286 88)
229 5216 358 5286 iudicare]
376 5213 427 5270 Ed.
445 5216 472 5269 ⁸.
490 5223 543 5286 ιη).
560 5234 628 5271 m
645 5217 755 5271 uuas
1198 5215 1248 5286 ⁸⁸)
1265 5222 1410 5290 cogamus]
1427 5221 1478 5275 Ed.
1496 5223 1538 5274 aa
1556 5195 1729 5287 coquorum·
1830 5212 1838 5222 “
