4702 6030
93 316 163 388 sss
446 317 507 387 u<
532 316 767 387 sroaomu
789 287 1106 386 comussmnra
1126 315 1445 387 auausrsnnn
1489 317 1530 383 s.
1573 315 1766 404 armna
2044 320 2116 391 sar

97 509 266 575 sermnem
284 516 451 588 nostram,
472 516 542 585 ant,
562 516 598 570 rt
620 501 969 593 maximeint'elligant,
989 504 1081 591 quod
1131 501 1254 585 liliam,
1288 506 1378 573 sicut
1402 502 1625 572 honorificent
1653 501 1797 575 Patrem.
1850 503 1895 570 Et
1920 502 2046 575 Paulus
2068 509 2112 599 d.

96 591 194 661 Deus
223 612 296 660 sam
312 594 499 678 approbet.
544 589 657 664 Quare
684 591 869 677 aduersarij
890 612 959 658 non
981 592 1081 657 dehe-
1131 587 1308 657 Thessalo.
1331 591 1367 675 ij.
1403 611 1504 659 orans
1538 590 1660 677 inquit,
1699 595 1775 675 ipsc
1805 601 1917 661 sutem
1948 589 2112 663 Dumium

97 681 179 747 baut
201 699 266 746 nos
287 679 330 744 ad
354 698 423 743 rem
440 679 601 742 incertam
623 695 758 762 cogere,
780 677 856 762 quia
878 678 985 743 oratio
1007 677 1082 742 sine
1131 687 1248 742 noster
1267 674 1541 745 iestis-Christus
1562 686 1598 753 st
1617 673 1724 756 Deus,
1745 686 1780 745 st
1794 686 1891 767 petes
1907 688 2035 760 matu,
2057 699 2112 755 es·

95 764 169 832 dds·
186 784 253 830 non
275 776 329 830 est
351 765 468 829 oratio.
510 762 597 829 Nam
622 763 714 846 qnod
735 759 884 849 allegant
905 758 1081 828 Ecclesiae
1124 760 1284 827 hortetur
1313 763 1418 833 corde
1447 775 1580 842 vesus,
1611 771 1644 826 et
1669 760 1845 828 confirmet
1873 782 1936 828 vos
1958 776 2022 830 etc.
2064 766 2114 841 dt

96 847 297 937 exemplum,
320 859 453 915 constet
473 868 596 914 nouum
617 847 709 913 huno
729 848 764 913 in
780 846 936 914 Ecclesia
955 867 1081 914 morem
1132 848 1174 913 de
1195 859 1387 929 sauctorum
1408 848 1619 925 inuocatione
1646 848 1736 935 quod
1763 859 1907 934 possunt
1926 849 2111 935 aduersarii

97 956 192 1010 esse,
225 936 311 1000 Nam
344 946 478 999 veteres
500 935 669 1000 orationes
697 933 761 999 etsi
784 936 983 999 mentionem
1004 953 1080 998 sen·
1129 944 1358 1019 praeceptum,
1381 935 1471 1018 qaod
1492 931 1679 1019 exemplum
1701 954 1745 999 ex
1766 934 1949 1020 Scripturis
1970 935 2113 1002 afferre?

96 1019 376 1097 storum-faciunt,
397 1040 466 1085 non
484 1032 593 1084 tamen
609 1021 767 1084 introcant
781 1019 938 1086 Sanctos.
971 1018 1081 1092 Quan-
1129 1017 1286 1105 Altersm
1319 1030 1372 1083 est
1402 1019 1438 1083 in
1469 1020 1710 1105 propiciatore,
1747 1020 1838 1106 qnod
1870 1021 1986 1088 merite
2006 1023 2112 1109 ipsium

13 1170 20 1177 ·
95 1101 704 1278 ibitit‘tdhbtttlgttlt
723 1107 756 1169 ⁵¹¹
776 1103 952 1184 ⁸⁰⁰¹‘⁸¹⁸’
985 1105 1081 1171 Μ’
1130 1104 1410 1277 distiti?
1428 1117 1648 1277 bittit
1666 1101 2113 1278 illini'ifiili'h‘iiii

706 1233 717 1251 '
1794 1236 1805 1269 θ

182 1277 312 1343 Deinde
337 1276 521 1363 aduersarij
550 1296 618 1342 non
648 1271 758 1342 solum
780 1275 1079 1364 inuocationemin
1132 1287 1288 1362 tanquam
1319 1277 1466 1361 proprijs
1497 1277 1623 1342 meritis
1655 1277 1734 1343 iusti
1764 1286 1977 1361 reputentur,
2016 1289 2052 1345 vt
2079 1280 2112 1353 si

96 1362 190 1431 cultu
210 1373 403 1429 sauctorum
425 1364 607 1447 requirant,
630 1361 691 1426 sed
713 1361 811 1426 etiam
828 1358 996 1446 applicant
1012 1381 1078 1427 me-
1153 1362 1206 1426 uis
1227 1360 1355 1443 amicus
1377 1383 1439 1447 pro
1461 1363 1568 1427 amico
1591 1358 1693 1428 soluit
1715 1382 1774 1429 ecs
1796 1359 1960 1441 menum,
1982 1365 2112 1445 debitor

79 1451 161 1531 ,rita
181 1459 373 1515 sanctorum
394 1466 456 1531 pro
478 1444 569 1530 elijs,
590 1460 624 1512 et.
646 1444 831 1513 faciuntea
860 1448 989 1513 sanctis
1011 1466 1078 1512 non
1165 1448 1239 1512 ieno
1271 1447 1390 1512 merito
1416 1458 1573 1533 tanquam
1605 1448 1741 1534 proprio
1773 1445 1944 1514 liberatur.
1959 1451 2013 1527 ²⁶)
2062 1446 2112 1519 lta

28 1526 507 1685 ³·i‘iitii5‘tt‘ttt
523 1535 585 1683 :22¹
615 1535 714 1683 itt
731 1552 826 1683 15:2⁰¹*
828 1532 1078 1689 bitini
1130 1531 1255 1684 iiiii
1280 1533 2113 1690 ididibidtd‘btbbd‘tht‘d

76 1726 86 1743 ··
159 1726 200 1770 ur
221 1707 254 1771 in
276 1716 415 1769 sanctos
443 1705 598 1789 proprius
626 1702 737 1769 honor
760 1638 894 1769 chirsti.
939 1703 1078 1770 Faciunt
1129 1714 1287 1788 tanquam
1307 1705 1443 1789 propris
1465 1707 1581 1771 merita
1601 1663 1811 1773 bt’tberemus.
2101 1666 2112 1701 ⁹

94 1792 181 1858 enim
215 1808 276 1855 eos
309 1789 531 1869 mediatores,
564 1803 597 1854 et
628 1790 886 1874 propitiatores,
919 1801 954 1854 et
974 1810 1078 1875 quan·
1101 1776 1107 1887 j
1217 1788 1260 1853 Et
1286 1808 1328 1854 err
1350 1802 1509 1875 utroque,
1531 1809 1650 1874 nempe
1670 1810 1714 1855 ex
1734 1790 1976 1874 promissione,
1999 1798 2034 1857 et
2054 1792 2112 1858 do·

94 1897 195 1965 qnam
241 1876 446 1960 distinguunt
474 1877 515 1941 de
555 1875 792 1940 mediatoribus
826 1875 1106 1999 intercessionis!
1129 1875 1265 1941 natione
1302 1876 1513 1954 meritorum,
1555 1877 1660 1942 oritur
1698 1873 1821 1941 fiducie
1852 1876 2112 1946 misericordiae.

94 1973 130 2030 et
155 1961 393 2027 mediatoribus
420 1962 674 2046 redemptionis,
699 1971 809 2025 tamen
831 1957 931 2045 plane
951 1959 1079 2027 faciant
1128 1958 1220 2025 Talis
1241 1958 1364 2026 fidncia
1384 1961 1616 2048 promissionis
1643 1962 1787 2039 diuinae,
1809 1960 1891 2026 ltem
1922 1962 2113 2029 maritorum

95 2068 138 2115 ex
166 2048 293 2113 sanctis
321 2047 521 2112 mediatores
549 2046 796 2130 redemptionis.
840 2046 953 2133 Atque
979 2047 1078 2111 etiarn
1129 2044 1253 2112 Christi
1277 2046 1376 2113 debet
1404 2045 1515 2113 afferri
1537 2047 1581 2114 ad
1609 2048 1780 2112 orandum.
1824 2044 1914 2111 Vere
1937 2047 2024 2113 enim
2045 2060 2112 2127 sta·

93 2131 176 2202 illud
207 2133 321 2197 dicunt
348 2134 421 2197 sine
447 2133 637 2198 testimonio
664 2132 871 2218 scripturae,
897 2133 989 2219 qnod
1011 2132 1078 2195 sint
1128 2144 1225 2198 tuere
1257 2132 1435 2210 debemus,
1468 2143 1502 2197 et
1530 2133 1622 2220 quod
1650 2142 1789 2219 propter
1816 2129 1985 2198 Christum
2014 2153 2112 2201 exam

92 2219 295 2285 mediatores
325 2219 595 2297 intercessionis,
624 2220 713 2301 qnod
739 2230 776 2282 vt
797 2216 1080 2283 verecundissime
1100 2225 1105 2270 i
1128 2217 1268 2296 diamur,
1290 2227 1324 2282 et
1345 2218 1437 2302 qaod
1458 2216 1714 2302 ipsiasmamb
1735 2214 1919 2284 habeamus
1941 2215 2112 2303 placatum

90 2304 244 2383 dicatur,
270 2313 381 2368 tamen
409 2305 567 2369 obscurat
593 2299 741 2369 officium
763 2300 905 2387 Christi,
933 2307 972 2367 et'
995 2302 1078 2367 fidn-
1120 2301 1272 2369 ¹Patrem.
1325 2301 1389 2367 Hic
1410 2303 1595 2389 edumarii
1633 2303 1773 2389 primum
1805 2303 1919 2368 iubent
1952 2303 2112 2371 inuocare

91 2389 178 2456 clem
207 2390 455 2456 misericordiae
483 2389 627 2455 debitam
660 2387 814 2467 Christo,
851 2385 1012 2453 transfert
1044 2390 1078 2472 ip
1127 2398 1279 2467 metor,
1301 2407 1377 2455 cum
1398 2408 1507 2474 neque
1524 2389 1778 2474 promissionem
1795 2384 1873 2467 Dei,
1893 2407 2004 2473 neque
2021 2411 2112 2457 man·

92 2486 242 2542 munos.
271 2474 415 2559 fingunt
439 2475 525 2539 enim
546 2473 696 2540 homines
719 2472 1077 2540 Christum-duriorem
1127 2476 1258 2553 datum,
1291 2494 1401 2560 neque
1433 2472 1618 2559 exemplum
1652 2473 1844 2560 Scripturas
1870 2472 2025 2540 babeant.
2066 2475 2112 2543 lit

92 2580 187 2634 esse,
221 2571 255 2627 et
274 2571 413 2625 sanctos
441 2557 693 2643 placabiliores,
721 2572 756 2625 et
776 2560 893 2644 magis,
907 2556 1078 2624 confidunt
1127 2572 1238 2625 tamen
1264 2555 1409 2638 faciunt,
1435 2571 1471 2625 rt
1493 2561 1597 2637 maior
1619 2557 1741 2627 fiducia
1762 2560 2015 2627 misericordiae
2035 2580 2111 2631 saa·

91 2646 322 2714 misericordia
337 2647 390 2723 ²²)
412 2657 621 2725 sanctornm,
653 2664 752 2731 quam
780 2645 1007 2709 misericordia
1022 2647 1077 2722 ²²)
1128 2656 1258 2710 ntorum
1279 2645 1485 2728 concipiatur
1506 2665 1605 2730 quern
1627 2643 1763 2723 Christi,
1785 2665 1860 2711 cum
1883 2643 2038 2713 Christus
2066 2647 2111 2713 ad

91 2728 219 2798 Christi
245 2741 280 2796 et
311 2727 478 2816 fugientes
511 2730 699 2810 Christum,
732 2742 896 2817 quaerunt
926 2740 1075 2794 sanctos.
1126 2748 1165 2794 se
1186 2730 1302 2795 venire
1321 2729 1468 2807 iusserit,
1490 2749 1557 2795 nou
1579 2731 1622 2795 ad
1644 2741 1793 2797 sanctos.
1826 2729 1984 2797 Secundo
2006 2730 2112 2818 appll-

85 2815 142 2882 ita
162 2813 289 2883 faciant
309 2837 352 2881 ex
374 2818 424 2881 eis
454 2817 569 2902 reipse
594 2817 796 2882 mediatores
827 2816 1074 2900 redemptionis.
1127 2826 1205 2880 cant
1230 2814 1348 2881 merita
1378 2825 1570 2885 sarmarum
1596 2812 1692 2902 alijs,
1718 2816 1807 2882 sicut
1833 2814 2109 2887 commembri.

179 2901 294 2988 itaque
315 2903 548 2983 ostendemus,
577 2905 666 2989 quod
690 2922 770 2970 vere
789 2897 915 2968 faciant
937 2920 978 2966 ex
999 2921 1075 2969 san·
1126 2901 1243 2966 lnbeut
1269 2899 1440 2968 confidere
1467 2901 1593 2969 meritis
1616 2911 1827 2980 sanctourm,
1879 2903 1955 2969 nasi
1975 2914 2109 2988 repute-

92 2988 159 3055 etis
178 3006 247 3053 non
264 2999 390 3053 tantum
408 2988 646 3094 depreeatpres
663 2980 724 3054 sed
758 2988 990 3091 rapinatores,
1008 2985 1076 3053 hoc
1126 3008 1200 3053 mur
1219 2987 1297 3052 iusti
1318 2998 1457 3092 propter
1476 2989 1593 3092 merita
1614 2999 1826 3092 sanctorum,
1852 2922 1942 3090 dicut
1961 2987 2041 3055 iusti
2061 3008 2111 3092 ge·

90 3074 533 3246 dedititii
556 3086 709 3227 itit,
731 3076 1076 3244 tibimiri
1125 3070 1584 3246 imbibitis:
1600 3070 2110 3244 ,riffleihgmdi’al'hiss

90 3242 266 3332 loquimur.
311 3241 569 3335 Reliquaetiam
591 3246 731 3332 imperiti
752 3246 899 3313 indicare
921 3255 1073 3329 possunt
1125 3243 1168 3311 Et
1200 3242 1336 3310 Gabriel
1371 3246 1537 3329 interpres
1592 3245 1710 3311 anonis
1743 3242 1870 3311 Missae
1902 3243 2111 3313 confidenter

89 3328 129 3395 ln
160 3330 386 3416 propiciatore
422 3330 510 3396 haec
549 3332 616 3397 duo
649 3340 861 3404 concurrunt.
916 3331 1072 3410 Primum,
1124 3329 1339 3416 pronunciat,
1366 3349 1432 3399 nos
1455 3331 1570 3397 ordine
1590 3332 1740 3397 instituto
1762 3351 1784 3398 a
1804 3328 1898 3411 Deo,
1919 3331 2044 3401 debere
2064 3331 2109 3398 sd

86 3425 225 3501 oportet
247 3426 361 3481 entare
382 3418 520 3483 verbnm
543 3415 624 3497 Ilei,
645 3438 688 3482 err
710 3437 777 3504 quo
800 3428 894 3484 certo
915 3416 1074 3496 sciamus,
1123 3413 1247 3483 auxilie
1277 3428 1472 3489 suetorum
1505 3413 1699 3503 confugere,
1727 3427 1765 3483 vt
1795 3414 1967 3486 edamur
1993 3437 2109 3485 eorum

90 3503 183 3589 quod
210 3498 307 3567 Deus
334 3498 414 3567 velit
441 3504 592 3568 misereri
628 3514 663 3569 et
691 3503 849 3570 exaudire
875 3503 1073 3569 inuocantes
1123 3503 1249 3568 meritis
1277 3512 1312 3568 et
1344 3498 1444 3569 votis‘.
1488 3501 1582 3569 Haec
1614 3510 1694 3569 sunt
1721 3502 1827 3567 verbs
1847 3499 2033 3584 Gabrielis,
2064 3501 2109 3567 Et

89 3606 153 3673 per
184 3584 273 3652 hunc
300 3589 569 3673 propiciatorem.
622 3585 715 3655 Telis
747 3600 838 3655 extat
865 3590 907 3655 de
936 3586 1073 3654 Christo
1123 3602 1234 3654 tamen
1256 3589 1381 3674 passim
1410 3588 1445 3652 in
1473 3586 1568 3655 libris
1596 3597 1630 3653 et
1658 3587 1878 3654 concionibus
1898 3588 2108 3654 aduersario·

89 3674 289 3759 promissio,
321 3672 487 3760 Quidquid
519 3676 681 3760 petieritis
708 3675 843 3741 Patrem
874 3676 908 3741 in
941 3673 1073 3740 nomine
1123 3695 1195 3740 rum
1222 3671 1378 3760 leguntur
1407 3675 1615 3741 absurdiora„
1673 3671 1761 3746 Quid
1788 3683 1842 3738 est
1863 3670 1978 3739 facere
1999 3675 2108 3759 propi·

87 3758 981 3932 iisditdbbnltnstiditti‘,tiz
998 3778 1073 3913 tit·
1121 3759 1618 3913 §dimidiasti
1647 3756 2109 3930 bisinstidi·

215 3888 226 3922 s
583 3912 585 3918 ι
1040 3882 1072 3925 ,·
1182 3891 1218 3925 s.
1625 3890 1637 3925 s
2095 3880 2109 3894 “

83 3922 202 4009 'tuere,
229 3929 318 4014 quod
344 3949 406 4014 per
432 3943 624 3995 sanctorum
645 3933 889 3998 inuocationem
918 3932 1072 3995 exaudia-
1122 3951 1248 3998 uemnr.
1292 3930 1359 3996 Vbi
1387 3943 1496 3996 autern
1525 3932 1695 3997 institutus
1717 3944 1770 3997 est
1792 3927 1849 3997 ille
1872 3930 1956 3996 ordo
1976 3951 1998 3996 a
2020 3929 2108 4009 Deo,

73 4032 174 4082 mur.
220 4016 335 4100 ltaque
356 4016 524 4081 inuocatio
545 4013 604 4081 illa
621 4036 688 4081 non
711 4015 747 4081 iit
768 4036 809 4080 ex
831 4017 908 4082 lide.
940 4013 1072 4081 Deinde
1125 4035 1224 4100 quem
1246 4015 1324 4080 dicit
1345 4016 1422 4094 iste,
1444 4016 1535 4102 quod
1556 4017 1738 4082 debeamus
1759 4017 1803 4082 ad
1830 4014 1954 4083 auxilia
1974 4029 2108 4083 saucto-

87 4101 280 4168 mandarum
303 4100 403 4165 etiam
426 4097 608 4179 hebernus,
632 4113 667 4166 vt
687 4103 881 4167 innocemus
903 4100 1071 4166 Christum
1095 4169 1102 4182 ,
1122 4123 1194 4167 rum
1223 4098 1430 4186 confugere?
1463 4098 1613 4185 proferat
1641 4101 1829 4185 exemplum
1856 4123 1898 4167 ex
1919 4103 2108 4185 Scripuaris,

87 4187 182 4252 iuxta
212 4183 310 4265 illud,
340 4185 462 4250 Venite
482 4186 525 4252 ed
553 4206 607 4252 me
632 4190 689 4272 qni
710 4185 873 4252 laboratis
894 4198 959 4252 etc.
981 4186 1072 4271 quod
1096 4185 1101 4193 ’
1122 4198 1180 4252 sut
1200 4197 1425 4272 praeceptum.
1459 4185 1631 4253 Fortassis
1653 4207 1696 4252 ex
1717 4184 1803 4253 aulis
1821 4186 1952 4274 Regum
1973 4197 2108 4253 sumunt

90 4283 184 4338 certe
206 4273 304 4336 nobis
321 4291 455 4357 quoque
474 4273 596 4339 dictum
616 4282 679 4337 est.
712 4271 756 4338 Et
772 4273 892 4338 Esaias
909 4273 1072 4352 nituisti)
1094 4205 1101 4345 ι
1122 4272 1212 4337 huuc
1234 4272 1401 4350 ordinem,
1430 4273 1486 4338 vbi
1508 4272 1623 4339 amicis
1644 4273 1928 4339 intercessoribus
1950 4273 2106 4339 vteudum

89 4355 129 4422 lu
151 4357 205 4422 die
235 4354 311 4436 illa,
344 4359 446 4423 stabit
473 4360 569 4423 radix
593 4359 704 4439 lesse,
724 4361 760 4425 in
782 4359 809 4424 si
858 4380 913 4424 um
958 4354 1072 4444 epulo
1094 4361 1099 4437 l
1121 4371 1185 4425 est.
1230 4359 1276 4425 At
1302 4359 1332 4422 si
1354 4356 1428 4423 Rex
1449 4358 1658 4425 constitnerit
1686 4368 1813 4438 certum
1834 4360 2106 4438 intercessorem,

89 4462 183 4520 rum,
213 4443 322 4527 ipsum
343 4454 462 4530 gentes
492 4445 769 4528 deprecabuntur.
842 4444 919 4511 tP‘
958 4441 1072 4527 .sliij.
1121 4463 1191 4511 non
1213 4441 1304 4510 volet
1325 4445 1369 4509 ad
1390 4463 1430 4509 se
1452 4463 1575 4510 causes
1597 4465 1658 4530 per
1677 4441 1763 4511 alios
1785 4439 1919 4512 deferri.
1963 4441 2012 4509 lta
2029 4466 2106 4521 cnm

90 4526 230 4594 Vultum
257 4541 348 4595 tuum
376 4530 396 4593 d
442 4531 643 4596 recabuntur
669 4551 785 4596 omnes
812 4531 931 4597 diuites
952 4526 1073 4616 plebis.
1124 4528 1277 4596 Christus
1310 4530 1354 4595 sit
1392 4531 1594 4596 constitutus
1633 4532 1839 4596 intercessor
1870 4543 1905 4596 et
1938 4527 2105 4612 Pontifex,

24 4640 35 4653 ·
90 4612 135 4679 Et
168 4611 258 4680 Psal.
288 4611 367 4679 lxxi.
397 4548 465 4681 “ht
500 4604 686 4681 adorabunt
717 4638 793 4683 eum
824 4637 941 4684 omues
973 4635 1073 4702 reges
1096 4668 1099 4694 ,
1123 4637 1185 4683 aur
1205 4616 1394 4764 poterimus
1411 4613 1517 4681 aliosi
1550 4613 1681 4682 Passim
1700 4628 1878 4700 vsurpatur
1896 4615 1982 4681 hsec
1998 4614 2106 4683 forma

93 4709 215 4766 terrae·
258 4699 301 4765 Et
329 4697 549 4785 paulopost,
579 4703 723 4767 orabunt
743 4723 856 4768 coram
878 4723 919 4768 eo
941 4703 975 4768 iu
999 4703 1073 4781 lter,
1096 4720 1100 4796 t
1123 4703 1208 4767 abso
1225 4702 1356 4765 ationis.
1411 4700 1529 4767 Passio
1556 4697 1691 4768 Domini
1730 4705 1838 4767 nostri
1865 4701 1941 4768 lesu
1969 4699 2105 4782 Christi,

90 4783 136 4850 lit
155 4786 227 4853 lob.
247 4808 279 4852 v.
309 4787 412 4872 iuquit
434 4785 608 4866 Christus,
635 4786 681 4853 Vt
709 4808 827 4854 omnes
853 4787 943 4855 hono
997 4799 1075 4856 cent
1096 4806 1100 4879 i
1124 4788 1239 4852 merita
1262 4786 1476 4853 beatissimae
1496 4787 1635 4872 virginis
1653 4787 1791 4867 blariae,
1815 4800 1848 4852 et
1865 4788 2010 4854 omnium
2027 4807 2103 4853 sau·

1097 4882 1255 5013 {ciorum
1275 4872 1343 4938 siut
1364 4873 1420 4939 tibi
1449 4875 1482 4938 in
1511 4874 1742 4940 remissionem
1770 4884 1997 4960 peccatorum.
2040 4871 2105 4938 liic

94 5078 143 5143 22)
160 5077 353 5146 misericordis]
370 5078 421 5130 Ed.
440 5081 465 5129 t,
484 5084 588 5145 rrtroprre
605 5077 672 5130 locor
690 5078 886 5131 misericordior
1098 5018 1102 5123 Ι

94 5163 144 5229 2³)
161 5167 200 5214 sit
216 5166 253 5216 xi.
286 5163 367 5216 Editt.
386 5165 411 5214 2.
430 5166 455 5215 4.
473 5165 550 5216 nde:
570 5166 609 5216 sit
623 5164 650 5216 9.
668 5167 728 5218 itast
744 5164 795 5233 dd.
813 5164 853 5216 8.=
871 5179 944 5216 ncnc
963 5166 1009 5229 sit,
1028 5163 1075 5231 (ls-
1098 5158 1102 5241 i
1125 5147 1174 5215 Ἃ)
1191 5160 1237 5215 W
1255 5143 1309 5212 θῦν]
1325 5144 1408 5198 ffli-
1426 5149 1518 5200 ²¹¹4st
1535 5156 1640 5214 lii⁰l³ier
1657 5163 1699 5213 ‘dr

164 5234 235 5299 ,tro
335 5234 427 5284 saus
442 5232 493 5284 ιιι.
512 5236 555 5296 ιι,
572 5233 631 5300 ιο.)
1097 5258 1102 5279 .
1126 5232 1174 5300 as)
1193 5232 1341 5298 remmam]
1358 5232 1408 5285 ur.
1426 5233 1467 5285 a:
1482 5232 1616 5286 namne.
