4694 6038
177 397 243 466 sil
524 394 566 462 ll.
610 391 840 464 asomum
865 392 1188 465 consessionis
1208 391 1525 462 AUGUSTANAR
1569 391 1610 459 B.
1660 391 1853 463 ALTERA.
2134 393 2204 462 iil

176 586 238 655 dat
265 583 366 651 nobis
393 582 567 650 victoriam
594 602 657 668 per
676 578 857 649 Dominum
884 592 1034 647 nostrum
1056 581 1163 649 lesum
1216 583 1306 661 eius,
1333 580 1402 647 hoc
1421 591 1491 660 est,
1512 592 1651 666 propter
1673 599 1766 662 eum,
1788 601 1871 669 ergo
1894 601 1961 648 non
1981 594 2120 668 propter
2140 602 2200 648 no·

177 669 367 749 Christum,
395 669 430 735 id
451 679 519 748 est,
540 680 716 752 peccatum
737 665 970 753 perterrefacit
988 669 1164 735 conscien-
1215 678 1288 734 stre
1327 669 1464 747 merita,
1513 686 1581 732 non
1611 677 1747 754 propter
1773 679 1922 734 nostram
1956 669 2204 750 contritionem,

175 758 255 823 ties·
306 754 344 820 ld
375 754 412 819 iit
443 774 506 840 per
531 751 658 840 legem,
691 773 777 839 quse
804 754 950 820 ostendit
983 754 1066 818 irem
1099 751 1165 821 Dei
1215 753 1436 845 ettricionem
1459 749 1687 832 dilectionem,
1709 750 1838 832 cultus,
1865 772 1979 837 opera.
2028 752 2071 820 Et
2097 755 2202 835 sidit,

176 841 343 909 aduersus
374 849 568 924 peecatum,
607 840 669 906 sed
702 839 864 906 vincimus
915 858 952 904 er
981 837 1186 919 chrisum„
1216 859 1292 906 cum
1313 839 1479 904 eredimus
1501 839 1536 904 in
1556 837 1718 927 eumlll
1761 839 1837 904 uirit
1859 838 1961 925 igitur
1981 838 2090 906 iidem.
2130 841 2199 906 Ne·

176 924 377 1001 Quomodo?
402 924 487 1004 lide,
516 944 592 991 cum
619 924 778 1012 erigimus
798 943 863 991 nos
884 861 1006 992 leucia
1023 925 1164 1009 promis·
1215 943 1281 1009 que
1306 925 1393 988 enim
1427 942 1608 1009 possumus
1644 944 1687 1010 ap
1711 944 1749 989 re
1772 925 1897 991 endere
1924 945 2045 991 nomen
2074 925 2199 992 Christi

176 1032 238 1083 see
271 1011 521 1116 misericordiae
559 1022 699 1160 profiter
731 1008 913 1076 Christum.
969 1009 1028 1075 Sic
1062 1009 1164 1096 igitur
1213 1009 1279 1074 nisi
1305 1008 1384 1074 fide.
1438 1009 1619 1076 Praetereo
1704 1021 1782 1097 eget
1815 1030 2020 1076 consensum
2054 1011 2199 1077 omnium

176 1098 598 1267 {timuistis
618 1096 851 1266 ,iiiiii
864 1092 1164 1265 curtilii
1213 1092 1600 1258 irrisistis
1621 1093 2201 1269 iitttitfltssitiiih

177 1270 263 1336 situs
293 1278 348 1333 est
374 1268 599 1354 propicietur,
625 1278 663 1331 vt
688 1276 826 1350 propter
846 1267 956 1352 ipsum
977 1265 1037 1331 fiat
1064 1267 1163 1332 nohis
1213 1282 1333 1331 rursus
1354 1265 1530 1331 dicendum
1552 1267 1626 1330 erit.

176 1352 332 1441 placatus
354 1364 460 1438 pater.
506 1351 662 1419 Christus
683 1363 793 1417 sutem
813 1373 883 1418 non
903 1371 947 1435 sp
970 1350 1164 1418 rehenditnr
1302 1349 1442 1424 Quarto.
1492 1349 1659 1416 Remissio
1697 1362 1913 1435 peccatorum
1945 1366 1999 1418 est
2030 1372 2088 1418 ros
2121 1372 2200 1439 pro·

176 1450 334 1526 tunquam
360 1439 524 1504 mediator
552 1437 617 1502 nisi
644 1436 720 1502 fide.
770 1435 873 1524 lgitnr
898 1456 940 1503 so
994 1436 1062 1502 lide
1083 1455 1163 1504 con·
1213 1437 1318 1502 missa
1340 1447 1479 1587 ἵξομαι
1499 1434 1681 1504 Christum.
1732 1436 1836 1521 igitur
1856 1458 1925 1504 non
1947 1449 2059 1523 potest
2079 1439 2200 1525 accipi,

176 1526 348 1613 sequimur
374 1525 603 1590 remissionem
630 1534 862 1608 peccatorum,
902 1543 976 1589 cunr
1003 1523 1162 1611 erigimus
1213 1522 1278 1587 uisi
1307 1539 1348 1587 so
1411 1522 1488 1587 tide.
1539 1520 1624 1588 Nem
1645 1523 1824 1605 promissio
1851 1526 1924 1591 ecci
1947 1526 1959 1589 i
1984 1545 2052 1590 non
2074 1535 2198 1609 potest,

176 1611 281 1678 corda
309 1608 432 1677 fiducie
453 1610 704 1676 misericordiae
728 1620 867 1695 proptor
893 1607 1062 1675 Christum
1084 1627 1161 1693 pro·
1213 1608 1279 1673 nisi
1300 1604 1377 1672 sola
1398 1607 1474 1673 lide.
1517 1605 1636 1673 Roma.
1658 1606 1717 1690 ittj.
1760 1607 1838 1675 ideo
1861 1629 1902 1677 ex
1924 1547 2003 1690 tlte,
2024 1621 2059 1676 vt
2081 1611 2126 1676 sit
2146 1609 2199 1677 ilr-

176 1698 311 1763 mtesne.
373 1742 375 1746 ψ
1057 1750 1061 1758 .
1212 1713 1267 1759 ms
1293 1694 1492 1778 promissio,
1517 1693 1701 1759 meandum
1728 1695 1885 1780 gratiam,
1914 1698 2010 1783 quasi
2032 1697 2139 1773 dicet,
2160 1694 2200 1762 Si

262 1781 345 1847 ltem
372 1779 498 1847 Paulus
532 1779 641 1847 Rome
660 1801 695 1847 v.
723 1780 780 1847 eit.
830 1777 897 1845 Per
922 1780 1032 1865 ipsum
1059 1775 1161 1846 hebe—
1213 1780 1375 1865 penderet
1392 1798 1449 1844 res
1472 1798 1516 1843 ex
1537 1779 1666 1844 meritis
1688 1781 1833 1858 nostris,
1858 1782 1987 1847 incerta
2013 1794 2045 1846 et
2073 1779 2200 1847 inutilis

175 1887 251 1934 mus
268 1885 446 1935 accessum
467 1867 511 1932 ed
532 1863 684 1938 Putrem,
708 1876 743 1932 et
762 1865 854 1931 addit
875 1885 937 1950 per
957 1863 1068 1930 iidem.
1103 1864 1162 1930 Sic
1213 1874 1307 1932 esset
1327 1865 1524 1949 promissio,
1554 1864 1632 1949 quie
1659 1884 1827 1950 nunquem
1855 1868 2059 1933 constituere
2080 1885 2199 1952 posse-

174 1953 276 2040 lgltur
296 1949 554 2018 reconciliamur
569 1953 668 2037 patri,
689 1964 724 2018 et
739 1952 920 2038 accipimus
930 1950 1161 2017 remissionem
1212 1969 1307 2028 mus,
1339 1951 1473 2035 quondo
1500 1949 1584 2015 sads
1611 1950 1720 2015 meriti
1752 1969 1916 2024 essemus.
1968 1952 2070 2101 ldrlne
2099 1949 2200 2019 leche

174 2048 402 2144 poeoniorum,
423 2038 558 2123 quondo
580 2039 739 2123 erigimur
759 2037 883 2103 fiducie
898 2037 1087 2142 promissus
1102 2037 1161 2102 mi·
1211 2033 1398 2142 intelligere
1425 2045 1550 2140 querunt
1576 2034 1702 2120 peritae
1731 2038 1989 2142 eonscientiae..
2030 2038 2094 2103 deo
2115 2038 2199 2105 Ρη-

173 2121 747 2295 mittissimis
772 2120 1160 2294 ilitiiitli‘hit
1211 2117 1336 2286 itii
1354 2116 2103 2291 iiiisiitiiildimitrii
2119 2143 2200 2275 itt:

174 2295 253 2383 quie
273 2294 432 2361 meruerit
453 2290 601 2361 habitum
622 2292 823 2373 dilectionis,
845 2313 914 2359 non
934 2294 1052 2360 iubent
1071 2312 1162 2381 nunc
1212 2293 1377 2359 dentibus.
1426 2290 1490 2356 llic
1517 2291 1663 2357 detrahit
1689 2293 1841 2360 meritum
1868 2296 1986 2374 nohis,
2014 2295 2090 2380 qnia
2119 2295 2200 2361 dicit

175 2400 216 2448 eo
239 2382 285 2447 vti
306 2381 509 2464 mediatore,
538 2380 600 2445 sed
621 2399 764 2465 prorsus
786 2378 919 2464 sepulto
942 2377 1078 2445 Christo
1098 2377 1161 2443 iin-
1212 2397 1329 2443 omnes
1372 2396 1453 2444 reos
1486 2397 1587 2457 esse,
1628 2390 1662 2443 et
1699 2376 1882 2445 conclusos
1914 2381 1978 2446 suh
2009 2392 2198 2464 peccatum,

174 2478 258 2554 gunt
285 2486 351 2531 nos
380 2463 506 2531 habere
529 2484 707 2532 aceessum
735 2484 796 2550 psr
817 2464 954 2550 propris
975 2483 1098 2549 opere,
1124 2473 1161 2529 et
1212 2464 1333 2530 ddnde
1366 2462 1458 2528 addit
1485 2462 1759 2547 promissionem,
1790 2462 1962 2546 videlicet,
1992 2466 2197 2553 remissionis

171 2572 235 2703 Ε
256 2551 343 2618 hsec
363 2549 512 2616 habitum
532 2546 625 2615 illum
642 2552 774 2630 mereri,
797 2561 830 2614 et
845 2561 966 2634 postee
983 2546 1160 2615 dilectione
1211 2559 1438 2634 peccatorum,
1460 2557 1494 2612 et
1514 2547 1759 2615 iustificationis
1781 2552 1865 2628 deri,
1887 2562 1921 2616 et
1938 2552 2042 2630 addit,
2063 2571 2199 2637 quomo·

252 2636 417 2704 secedere
439 2635 484 2700 ed
500 2632 622 2701 Deum.
636 2637 690 2715 ⁶⁶)
739 2636 795 2704 An
815 2654 884 2700 non
904 2644 958 2700 est
978 2633 1046 2700 hoc
1064 2651 1161 2740 pror·
1211 2635 1255 2700 do
1285 2633 1391 2718 accipi
1419 2634 1598 2717 promissio
1625 2636 1744 2718 possit,
1766 2633 1936 2714 videlicet,
1960 2637 2038 2702 lide.
2083 2637 2197 2725 Atque
2322 2681 2331 2702 .

174 2741 235 2788 sus
268 2717 414 2806 sepelire
443 2718 632 2800 Christum,
666 2732 701 2788 et
731 2731 835 2788 totam
868 2719 946 2786 fidei
976 2720 1160 2785 doctrmsm
1209 2717 1296 2783 haec
1328 2718 1414 2783 ratio
1438 2720 1580 2804 'sumpta
1612 2737 1656 2783 ex
1687 2730 1808 2800 natura
1840 2720 2074 2805 promissionis
2107 2723 2199 2808 sputi

173 2804 316 2874 tollere‘l
369 2802 499 2873 Psslus
527 2817 666 2872 econtra
688 2808 789 2874 docet
809 2825 874 2871 nos
895 2806 1022 2872 habere
1044 2822 1160 2872 eccas·
1210 2801 1352 2871 Paulum
1371 2805 1555 2890 praecipue
1576 2814 1646 2883 est,
1678 2814 1713 2870 et
1740 2823 1846 2890 saepe
1865 2809 2035 2892 repetitur.
2079 2807 2198 2896 Neque

172 2911 267 2972 sum,
297 2891 365 2958 hoo
386 2902 458 2968 est,
489 2890 794 2958 reconciliationem
808 2896 861 2971 ⁵⁷)
919 2910 957 2957 er
978 2889 1161 2969 Christum,
1211 2889 1408 2977 excogitari,
1436 2905 1545 2975 neque
1571 2887 1855 3041 huggrauidquem
1877 2902 2007 2976 potest,
2040 2913 2107 2979 quo
2128 2892 2198 2960 hoe

171 2976 217 3044 Et
242 2989 279 3044 vt
305 2976 501 3042 ostenderet
525 2979 693 3062 quomodo
716 2979 750 3044 id
771 2977 847 3057 fiat,
918 2977 966 3042 dit
987 2977 1078 3064 quod
1099 2994 1161 3062 per
1210 2973 1307 3042 Psuli
1333 2985 1565 3062 argumentum
1594 2995 1635 3041 eu
1726 2986 1837 3063 quest.
1881 2976 2027 3045 Proinde
2047 2998 2116 3044 non
2137 2994 2197 3065 ps·

172 3062 273 3130 fidem
303 3063 490 3129 habeamus
526 3081 716 3131 sucessum.
769 3064 853 3130 Fide
890 3063 991 3150 igitur
1021 3082 1084 3149 pro
1142 3082 1161 3126 r
1211 3063 1342 3130 cientur
1364 3080 1404 3126 se
1424 3063 1534 3128 honae
1555 3072 1685 3128 mentes
1707 3060 1831 3147 depelli
1851 3064 1896 3130 sh
1910 3067 1964 3142 δ’)
1984 3063 2198 3131 hacsenten·

174 3146 346 3237 Christum
361 3149 543 3232 eeoipimus
563 3150 795 3216 remissionem
816 3160 1042 3234 peecatorum.
1113 3167 1159 3215 on
1211 3148 1275 3227 eir,
1295 3147 1386 3234 quod
1407 3157 1534 3213 tantum
1555 3145 1623 3213 fide
1643 3148 1846 3237 accipiamus
1867 3151 2098 3218 remissionem
2118 3170 2197 3236 pro·

136 3241 157 3250 ”
173 3252 355 3320 possumus
381 3232 452 3301 isse
473 3231 539 3300 Dei
562 3255 735 3321 opponere
762 3247 915 3303 nostram
937 3233 1160 3314 dilectionem,
1209 3245 1285 3319 pter
1306 3233 1489 3336 Christum,
1520 3231 1558 3298 ln
1589 3230 1656 3299 heo
1687 3232 1813 3302 hebent
1845 3245 1970 3301 certam
2002 3246 2036 3302 et
2069 3234 2196 3303 firmem

169 3331 211 3437 ‘a
230 3330 609 3509 ⁰1'SaoneistildoomCertuss
637 3417 691 3472 est
718 3405 1005 3535 μωξφὸξῗωίῐῆ
1022 3413 1160 3490 propter
1210 3316 1480 3510 &silatum
1494 3319 1666 3486 guill&
1683 3323 2059 3474 &efflegzomest
2077 3322 2197 3496 m

171 3487 643 3662 &piliefflrpii'oplffitlffim
661 3491 932 3672 limmata}
949 3489 1159 3661 Pfflppgr
1208 3486 1518 3644 mfmCirumm'eutem
1542 3573 1617 3643 sole
1646 3576 1714 3643 lide
1739 3577 1943 3664 accipiamus
1963 3579 2195 3647 remissionem

171 3663 281 3730 sien
315 3654 432 3747 ltaque
452 3662 499 3727 ite
512 3663 566 3740 68)
588 3664 687 3729 uobis
709 3664 849 3748 prodest
868 3660 925 3728 hic
940 3664 1158 3748 propicietur,
1208 3673 1425 3748 peccatorum
1447 3675 1481 3728 et
1502 3663 1652 3748 spiritum
1680 3675 1845 3742 unctum,
1859 3668 1912 3743 ⁶⁰)
1940 3663 2016 3731 sola
2038 3664 2123 3731 tides
2144 3666 2193 3731 is·

171 3770 250 3818 oum
273 3746 341 3813 lide
369 3745 650 3832 apprehendimus
672 3750 873 3833 promissam
899 3748 934 3813 in
966 3768 1007 3815 eo
1029 3748 1158 3814 miseri·
1207 3746 1350 3826 stiiioet,
1383 3749 1460 3834 quie
1491 3745 1696 3815 reconciliati
1728 3760 1925 3835 reputantur
1956 3751 2035 3815 lusti
2063 3762 2102 3816 et
2131 3746 2192 3835 llll]

171 3833 333 3911 cordiam,
360 3844 394 3898 et
411 3830 610 3917 opponimus
633 3853 707 3899 eam
722 3834 795 3900 irae
810 3853 853 3899 so
876 3835 999 3901 iudicio
1014 3830 1092 3913 Dei,
1115 3831 1159 3898 Et
1207 3830 1292 3910 Ilei,
1314 3852 1382 3900 non
1404 3845 1545 3919 propter
1566 3854 1663 3901 sunm
1683 3837 1899 3916 mundiciem,
1922 3837 1985 3902 sed
2006 3855 2066 3922 per
2094 3835 2193 3902 mise·

169 3920 206 3987 is
227 3919 367 3986 eandem
386 3918 593 3984 sentenciem
616 3921 776 4005 scriptum
803 3930 858 3984 est
875 3921 922 3988 ‚sd
944 3918 1075 3985 Ehreos
1097 3918 1157 4001 iiij.
1207 3918 1386 3984 ricordism
1407 3931 1544 4004 propter
1566 3918 1748 3999 Christum,
1770 3922 1799 3986 si
1821 3932 1932 3988 tamen
1953 3922 2044 3988 hene
2063 3921 2193 3989 miseri·

169 4004 343 4072 llshentes
371 4001 569 4069 Pontificem
595 4015 662 4070 eto.
690 4004 892 4070 secedamus
922 4023 997 4070 cum
1025 4002 1157 4069 liduols.
1209 4002 1357 4068 cordium
1382 4001 1450 4068 ilde
1475 4003 1737 4088 apprehendent
1792 4005 1850 4072 lde
1919 4009 2127 4093 esoripture
2144 4017 2193 4075 te·

169 4089 266 4160 lubet
285 4091 372 4157 enim
394 4089 559 4155 accedere
577 4090 623 4155 ad
644 4089 766 4169 Dentri,
788 4107 857 4154 nos
878 4088 1003 4155 fiducie
1023 4099 1158 4154 nostro·
1208 4099 1315 4153 stetur
1336 4089 1426 4173 quod
1447 4089 1514 4154 flde
1531 4090 1610 4154 iusti
1632 4101 1832 4173 reputemur.
1851 4026 2073 4174 olithiemua
2090 4093 2193 4179 igitur

168 4197 244 4246 rem
264 4175 467 4254 meritorum,
489 4175 551 4240 sed
573 4173 695 4241 fiducie
706 4173 880 4241 Pontifiois
891 4174 1027 4251 Christi,
1048 4173 1156 4261 requi·
1208 4173 1396 4239 testimonie
1424 4193 1513 4260 quae
1540 4173 1635 4241 clare
1660 4178 1899 4258 pronuncient,
1926 4179 2018 4263 qnod
2038 4177 2124 4243 fides
2147 4178 2193 4244 sit

168 4264 213 4329 rit
233 4263 245 4328 i
271 4263 337 4329 'tur
354 4260 464 4326 iidem.
1206 4259 1282 4342 ipse
1316 4261 1461 4333 iusticie,
1493 4280 1560 4347 qua
1574 4264 1628 4341 ⁶¹)
1656 4279 1770 4328 cotem
1792 4259 1867 4327 Deo
1894 4263 1974 4328 iusti
1990 4276 2192 4348 reputamsr.

284 4349 379 4413 ertio.
423 4344 546 4413 Petrus
573 4346 608 4411 in
629 4345 727 4412 Actis
748 4343 832 4432 Cep.
854 4367 888 4411 x.
932 4345 1018 4412 linio
1039 4363 1155 4411 omnes
1207 4340 1364 4411 videlicet
1384 4364 1470 4423 non,
1498 4347 1578 4433 quie
1597 4348 1643 4414 sit
1661 4366 1749 4431 opus
1769 4364 1831 4433 per
1854 4366 1933 4413 sese
1954 4349 1986 4414 di
2033 4370 2101 4430 um,
2121 4349 2192 4417 Sed

169 4431 361 4519 Prophetes
381 4432 605 4498 testimonium
620 4433 810 4517 perhibent,
831 4433 1063 4498 remissionem
1077 4451 1157 4518 pee-
1206 4431 1283 4516 quis
1304 4431 1426 4515 sucipit
1445 4432 1701 4517 promissionem
1722 4453 1789 4518 que
1809 4431 1906 4500 Deus
1928 4454 1974 4520 po
2004 4434 2099 4500 'citus
2122 4446 2190 4516 est,

171 4531 324 4588 ntorum
350 4519 507 4603 accipere
533 4537 595 4601 per
619 4538 743 4585 nomen
770 4519 844 4585 eius
866 4519 1061 4605 omnesqui
1083 4536 1156 4583 ere·
1229 4517 1297 4583 nod
1318 4528 1456 4604 propter
1472 4515 1640 4587 Christum
1662 4515 1743 4587 velit
1764 4521 1935 4605 propicius
1953 4539 2030 4587 esse
2051 4518 2190 4588 credn-

171 4606 254 4674 dunt
274 4606 309 4672 is
330 4624 417 4674 esm-
450 4602 628 4678 Quomodo
648 4604 756 4690 potuit
776 4601 904 4672 clerins
921 4603 1058 4671 dicere‘l
1090 4601 1155 4670 lle·
1205 4537 1295 4668 lum
1327 4603 1360 4668 in
1389 4623 1484 4683 eum,
1518 4623 1580 4671 seu
1606 4606 1684 4692 quie
1705 4605 1817 4688 sentit,
1868 4608 1936 4673 uod
1964 4605 2119 4673 Christus
2144 4608 2191 4673 sit

169 4691 363 4760 minelum
383 4700 599 4776 peccatorum
621 4689 806 4776 sociplmus
827 4690 933 4776 iuquit
951 4708 1012 4776 per
1032 4707 1155 4756 nomen
1204 4685 1573 4842 fffflzmuusoelleo,
1594 4692 1770 4778 sepientis,
1792 4627 1934 4772 iuslleie,
1956 4692 2191 4774 sanctificatio,
2260 4793 2263 4797 Ι

168 4978 219 5049 60)
237 4980 377 5034 dilectione
393 4982 440 5034 ills
456 4981 585 5034 wcedere
601 4967 637 5032 sd
654 4976 761 5048 nem}
786 4977 870 5034 nete.
895 4980 983 5034 l-sz
1012 4978 1153 5032 dilectione

238 5049 333 5102 ΝΜ
350 5064 441 5117 ΡΜ
459 5051 645 5103 mmmm·
1204 5064 1253 5130 ts)
1271 5061 1318 5129 sb]
1334 5063 1388 5115 tte.
1407 5065 1434 5116 4.
1452 5072 1506 5133 typ.
1526 5080 1591 5118 erm
1608 5079 1640 5118 so

18 5138 22 5147 '
169 5134 219 5203 tt)
235 5137 489 5205 mconeilistiouem]
508 5137 593 5189 suite
612 5135 701 5188 s-ur
719 5149 810 5202 pm
1037 5168 1040 5172 ⁸
1203 5148 1252 5215 00)
1272 5157 1299 5200 et
1314 5149 1436 5215 spiritum
1453 5153 1591 5220 metum]
1608 5153 1690 5208 Bditt.
1709 5153 1803 5207 s-t=
1822 5161 1849 5207 et
1865 5156 2115 5241 reconcilistionem=
2125 5171 2187 5224 pro-

143 5292 146 5296 *
168 5221 235 5290 sm)
251 5220 344 5275 nome
362 5220 414 5292 nu]
431 5221 483 5274 su
501 5223 540 5274 u=
557 5219 691 5274 nomo·
707 5221 734 5274 a.
1275 5225 1335 5286 pte
1352 5216 1494 5285 curuum
1545 5286 1548 5291 4

168 5307 218 5376 ld)
234 5304 284 5380 its]
301 5309 329 5360 is
345 5307 428 5360 Editt
447 5307 525 5359 Η.
543 5306 618 5361 dous.
1201 5303 1250 5374 dl)
1272 5301 1336 5372 qus]
1353 5302 1404 5358 itu.
1423 5303 1450 5360 d.
1468 5312 1521 5375 tpp.
1540 5322 1604 5360 emt
1622 5322 1689 5376 quse
