4702 6030
202 292 375 413 rra¹

201 530 443 602 acemadones
456 534 511 612 ⁸⁰)
533 529 603 597 noll
623 532 787 615 accipere,
801 532 856 609 ⁶¹)
877 531 943 596 nisi
964 533 1029 597 sub
1051 533 1182 597 duobus

203 630 264 687 aut
292 620 400 685 tribus
432 619 585 684 testibus.
616 618 645 681 l.
669 616 752 681 Tim.
780 615 824 679 V.
867 615 919 680 En
945 619 1065 703 quibus
1098 619 1182 683 satis

204 716 324 789 aperte
346 704 643 789 dignoscitur,⁶²)
674 700 865 787 Episcopos
892 722 961 768 non
988 700 1097 768 salum
1125 701 1183 768 ha·

203 792 289 858 6666
319 800 521 875 potestatem
552 788 725 853 ministerii
753 789 847 853 serbi
880 785 962 868 Dei,
994 789 1056 852 sed
1085 790 1183 853 etiam

203 884 406 964 potestatem
419 878 473 949 ⁶³)
507 874 675 959 regiminis
706 887 739 938 et
767 875 969 939 coercitivae
1002 874 1184 938 correctio·

201 961 326 1028 61666
359 960 420 1025 diri
464 960 563 1025 ndum
590 960 742 1024 subditos
775 959 809 1022 ln
841 957 942 1023 finem
971 959 1183 1024 beatitudinis

201 1056 372 1113 aeternae.
414 981 469 1110 X}
490 1054 688 1130 potestatem
716 1057 826 1109 autem
852 1045 1021 1129 regiminis
1047 1045 1183 1130 requiri·

202 1142 260 1199 tar
274 1135 329 1212 Μ)
355 1143 506 1215 potestas
544 1130 728 1210 iudicandi,
762 1129 958 1207 definiendi,
973 1132 1028 1207 ⁶⁶)
1060 1132 1184 1196 discer-

202 1218 319 1292 nendi,
345 1227 378 1281 et
399 1216 565 1281 statuendi
595 1233 651 1293 ea,
684 1234 770 1301 quae
802 1215 846 1281 ad
872 1213 1057 1300 praefatum
1083 1216 1182 1281 linem

203 1303 384 1388 expediunt
403 1313 462 1367 aut
484 1300 685 1366 conducunt.
699 1305 754 1379 ⁶⁶)
792 1297 888 1366 irrita
910 1301 1009 1387 igitur
1026 1312 1061 1367 et
1082 1320 1183 1367 cassa

203 1397 284 1454 aunt
304 1388 425 1470 omnia,
440 1391 495 1466 57)
517 1388 727 1472 66661663)
748 1389 918 1471 praesenti
939 1384 1081 1453 articulo
1102 1407 1182 1451 con·

204 1483 259 1540 tra
285 1473 522 1538 immunitatem
552 1470 772 1537 eeclesiarum
797 1484 833 1537 et
855 1474 1069 1545 sacerdotum
1097 1474 1183 1537 inse·

202 1568 329 1625 rantur.
344 1563 398 1637 ⁶⁹)
446 1556 560 1632 Quare
587 1556 831 1643 prohibendum
863 1561 984 1636 est⁶⁰l
1016 1557 1182 1625 univorsis

200 1854 250 1951 60)
269 1881 714 1950 accusationealcbytr.,i'abr.,
731 1881 852 1946 91166,
869 1883 971 1938 Mon:
989 1883 1182 1935 accusationem

202 1968 251 2035 61)
269 1968 324 2018 6611
340 1965 603 2086 6661666οῇ16666
621 1971 741 2034 accipere
759 1969 829 2030 noli,
852 1968 952 2020 Mam:
977 1970 1031 2020 noli
1055 1968 1182 2035 recipere,

273 2036 391 2100 (Pilug.
411 2056 446 2084 =
498 2038 573 2103 asa.)

202 2120 250 2188 tt)
268 2120 332 2170 satia
349 2128 438 2186 aperte
455 2120 639 2187 dignoscitur]
663 2121 790 2187 Prlug:
814 2121 845 2174 0.
863 2120 901 2172 Μ.
925 2124 1057 2187 agnoscit,
1081 2123 1181 2175 Mam:

271 2186 314 2241 Sa
332 2188 410 2239 (1666.
428 2189 492 2238 Mus
511 2192 640 2254 agnoscit,

202 2272 251 2340 66)
269 2275 316 2324 sed
340 2276 420 2326 61166
437 2262 602 2340 potestatem]
620 2274 743 2338 Pilug.:
761 2276 808 2326 sed
828 2276 907 2325 etiam
923 2276 1029 2342 (6661666
1045 2289 1117 2329 uocet
1135 2291 1182 2340 po·

270 2344 420 2409 testatem),
438 2344 535 2395 Mon:
553 2342 600 2391 sed
617 2349 644 2392 et
660 2351 816 2407 potestatem

201 2427 250 2492 61)
269 2424 423 2493 requiritur]
441 2427 566 2491 Chytr.:
584 2429 749 2492 requiruntur

200 2512 249 2578 66)
269 2508 431 2579 deliniendi]
449 2510 579 2578 Chytr„
595 2512 702 2566 Febr:
720 2511 876 2576 diffiniendi,

201 2596 250 2664 66)
268 2605 313 2646 aut
321 2592 490 2662 conducunt}
510 2597 606 2649 Mau:
625 2606 671 2647 aut
680 2599 835 2648 conducant.
854 2597 989 2662 aPilag.
1007 2596 1069 2650 haee
1083 2596 1179 2651 abunt.

102 2735 106 2746 ,
201 2681 346 2748 bl)1rrita
366 2683 448 2746 igitur
471 2689 497 2731 et
520 2696 593 2732 cassa
615 2689 676 2733 suut
699 2681 808 2748 omnia‚]
838 2682 960 2747 Pilug.:
983 2682 1074 2751 Irritat
1096 2693 1181 2735 autem

220 2799 229 2812 ,
271 2752 302 2801 O.
322 2750 359 2832 Μ.
378 2758 515 2812 arcessat,
544 2750 645 2804 Mam:
672 2751 751 2802 Irrita
773 2752 856 2816 igitur
881 2752 958 2803 Caes.
977 2752 1042 2801 Mass
1066 2762 1092 2801 et
1109 2768 1182 2804 cassa

273 2832 361 2870 onura
378 2829 467 2869 censet
483 2834 549 2883 esse,

199 2902 249 2970 56)
266 2902 305 2971 ln]
324 2904 351 2953 in
366 2904 451 2975 Mon.
470 2903 545 2955 deest.

201 2988 249 3056 69)
267 2987 436 3057 inserantur]
454 2988 566 3043 Faba:
583 2989 737 3041 inferuntur.
756 3018 791 3029 -
809 2988 873 3041 Post
890 2987 1004 3045 ostam
1021 2992 1180 3056 inseruntur,

268 3060 295 3108 a'a
317 3056 427 3122 Pilug.
446 3057 537 3108 addita
554 3065 609 3108 eunt
633 3058 735 3110 haecce:
759 3064 789 3106 ut
806 3061 833 3108 in
857 3060 978 3109 civilibus
1000 3062 1119 3111 omnibns
1145 3062 1181 3111 ci·

269 3127 318 3177 vill
339 3128 440 3177 subsint
462 3129 595 3191 potestati.
631 3127 735 3177 Mavult
759 3129 828 3176 euim
853 3128 883 3178 C.
902 3128 959 3190 Μ.,
976 3129 1180 3192 gloriosissimos

269 3203 297 3245 et
314 3196 472 3246 christianos
488 3197 586 3246 imitari
607 3195 795 3260 Imperatores,
820 3195 1034 3261 Constantinum,
1058 3198 1179 3249 theodo-

269 3265 351 3326 sium,
369 3263 536 3325 Gratianum,
559 3264 785 3325 Valentinianum,
802 3264 981 3327 Marcianum,
1001 3266 1123 3317 Carolum
1140 3266 1179 3320 M.

269 3338 297 3382 et
312 3331 478 3397 Radolphum
495 3334 522 3382 in
546 3335 732 3383 conservandis
754 3334 903 3397 privilegiis
925 3335 1179 3400 Ecclesiastioorum,

270 3414 348 3466 quarn
365 3403 470 3465 implum
488 3401 830 3467 lulianum,1mperatorem
848 3404 1069 3466 apostatam,Dco
1088 3412 1114 3454 ct
1130 3404 1178 3455 ho·
1218 3440 1221 3445 -

270 3470 384 3519 minibus
402 3471 547 3534 molestum,
565 3472 608 3536 qni
625 3474 759 3521 ministros
778 3470 877 3523 Christi
895 3474 1013 3523 omnibus
1031 3476 1103 3523 exuit
1127 3476 1180 3538 pri-

268 3538 382 3601 vilegiis.
417 3539 550 3600 Agnoscit
566 3541 597 3591 C.
616 3541 664 3602 M.,
681 3541 749 3590 hanc
766 3541 968 3603 immunitatem,
985 3542 1019 3591 ab
1035 3542 1179 3608 Imperato-

267 3607 341 3656 ribns
369 3621 533 3667 concessam,
559 3623 576 3657 a
602 3610 658 3659 iura
683 3612 772 3660 divino
797 3610 964 3660 descendere.
1000 3610 1069 3660 Nam
1091 3612 1180 3662 David

268 3675 307 3725 ait
325 3679 348 3725 1.
368 3674 436 3739 Reg.
454 3675 572 3729 xxvi:
598 3676 661 3737 Quis
685 3679 805 3728 extendit
826 3693 933 3727 manum
956 3694 1029 3728 suam
1052 3683 1080 3730 in
1103 3680 1179 3730 Chri·

269 3751 346 3804 stum,
363 3742 516 3806 Dominum,
534 3754 559 3795 et
573 3747 699 3797 innocens
718 3749 784 3796 erit?
811 3746 841 3797 Si
858 3747 908 3795 hnc
927 3748 994 3796 dixit
1011 3749 1044 3797 de
1060 3750 1181 3798 unctione

270 3810 364 3875 Regis3
388 3811 503 3875 quidde
523 3815 648 3863 unctione
670 3814 839 3865 Sacerdotis?
873 3814 1004 3866 Scribitur
1026 3831 1130 3883 quaqua
1153 3818 1181 3866 in

270 3879 369 3931 Genesi
386 3880 510 3934 travit:
528 3882 599 3932 Emit
609 3883 705 3947 ioseph
723 3898 826 3933 omnem
843 3889 940 3934 terram
954 3886 1079 3949 Aegypti,
1097 3885 1182 3935 subie-

271 3949 358 4013 citque
376 3964 434 3999 eam
450 3949 594 4011 Pharaoni,
613 3959 640 4001 et
658 3958 766 4002 cunctos
782 3953 895 4019 populos
919 3955 986 4015 eius,
1010 3961 1115 4018 praeter
1131 3961 1182 4004 ter·

271 4031 326 4068 ram
344 4018 518 4079 sacerdotum,
537 4035 603 4084 quac
621 4035 637 4070 a
654 4035 717 4085 rege
734 4024 773 4071 cis
795 4023 892 4071 tradita
913 4020 1014 4084 t'uerat,
1039 4023 1132 4088 quibus
1155 4030 1183 4071 et

270 4088 373 4148 statuit,
392 4089 463 4151 quod
481 4088 578 4139 cibaria
604 4104 637 4138 ex
660 4089 761 4140 horreis
782 4091 892 4156 publicis
913 4092 1112 4155 praebebantur.
1146 4090 1183 4141 Et
1205 4146 1207 4157 Ι

270 4155 355 4209 inas:
373 4156 414 4206 166
434 4172 466 4206 66
484 4166 600 4222 tempore
617 4174 698 4222 usque
714 4160 742 4209 in
758 4169 913 4224 praesentem
927 4161 997 4210 diem
1015 4163 1042 4211 in
1059 4162 1183 4212 universa
1204 4178 1208 4211 t

270 4232 341 4274 terra
357 4225 471 4290 Aegypti
489 4228 594 4289 regibus
611 4231 702 4293 quinta
719 4243 777 4293 pars
795 4230 919 4289 solvitur,
943 4231 1040 4295 absque
1054 4239 1125 4279 terra
1141 4245 1181 4280 sa-

271 4293 407 4346 cerdotali.
441 4294 495 4346 iiie
511 4310 559 4345 rex
583 4297 699 4347 ethnicus
723 4306 785 4347 ante
811 4299 862 4347 tria
882 4299 965 4347 millia
987 4314 1112 4348 annorum
1134 4299 1182 4348 im·

271 4364 423 4413 munitatem
450 4365 628 4416 sacerdotibus
655 4366 755 4418 tribuit.
796 4366 881 4416 Porro
911 4367 989 4416 etiam
1010 4367 1181 4427 Artaxerxes,

272 4444 329 4492 rex,
346 4433 474 4483 universis
492 4434 688 4495 sacerdotibus,
706 4433 820 4496 Levitis,
838 4433 1003 4496 cantoribus,
1020 4435 1182 4496 ianitoribus,

272 4505 300 4547 et
315 4500 438 4552 ministris
457 4502 547 4552 domus
565 4500 616 4551 Dei
633 4501 768 4566 prohibuit
784 4504 884 4566 imponi
899 4502 1026 4567 vectigal,
1041 4503 1139 4553 tributa
1156 4512 1183 4554 et

272 4569 604 4623 6666666111666111.
638 4569 709 4621 Haeo
725 4574 752 4619 ia
768 4570 821 4620 Mo
829 4585 855 4622 6.
880 4573 918 4622 aie
941 4578 1038 4622 martula
1059 4578 1128 4625 sunt:
1151 4573 1181 4637 1)

269 4633 361 4691 orba:
378 4645 408 4686 ut
424 4639 452 4689 16
476 4639 646 4691 civilibus-
664 4640 766 4691 snbsint
787 4642 917 4705 potestati.
942 4640 1033 4692 6661666
1056 4647 1126 4702 aaut,
1150 4642 1180 4708 1)

268 4705 327 4755 uoci
345 4704 545 4759 Constantinum
563 4707 742 4762 additament:
760 4723 891 4776 magnum,
902 4709 940 4775 6)
954 4724 1019 4779 pro:
1036 4711 1181 4774 privilegiis

268 4772 467 4825 Reclaiustcor
473 4791 523 4839 um,
541 4778 670 4844 leguntur:
687 4776 1089 4844 Ecclesiastioorumprcrilegiis
1107 4778 1182 4848 (aio),

258 4842 301 4909 ,1)
314 4855 381 4911 prat
396 4842 487 4897 David
502 4848 549 4911 ait,
567 4847 686 4914 66616166
704 4854 753 4901 eat:
776 4846 867 4898 David
891 4850 988 4914 lnquit,
1012 4850 1041 4915 b)
1063 4862 1126 4916 pro:
1153 4853 1178 4900 1.

235 4956 246 4973 ,
268 4908 338 4977 Bag.
355 4910 406 4967 28:
424 4908 490 4973 Qut·
507 4940 539 4954 -·
556 4917 684 4968 innocens
702 4917 769 4968 erit?
792 4918 889 4984 empta
906 4924 976 4972 aunt:
995 4915 1059 4978 Quis
1083 4944 1116 4955 -
1139 4919 1179 4967 16-

197 4984 218 4995 ““
268 4992 370 5033 uocans
387 4978 455 5031 erit?
489 4982 514 5035 1.
531 4980 598 5050 Meg.
617 4982 660 5035 26.
695 4984 727 5052 6)
740 5001 791 5053 pra
809 4985 1060 5052 dominumleqs'lttrt
1078 4985 1178 5037 domini

321 5052 379 5092 ⁸*
402 5048 549 5103 mdotla
572 5052 692 5109 additura
717 5055 858 5106 dicendum
886 5062 928 5106 est
955 5052 1012 5120 (ubi
1039 5056 1179 5105 dicendum

384 5118 526 5187 sm
596 5156 605 5183 ,
628 5120 659 5191 6)
679 5136 728 5191 pra
748 5126 777 5177 16
795 5120 891 5174 Genea.
911 5123 1017 5191 legitur:
1042 5123 1123 5176 acne.
1147 5124 1178 5190 9)

436 5188 502 5236 ''fl'-
642 5202 654 5247 t
669 5192 789 5256 subiecit,
808 5192 855 5259 10)
873 5207 924 5260 pro
940 5194 1037 5255 statuit,
1056 5194 1126 5256 qaod
1145 5193 1179 5244 16-

572 5262 725 5315 mim
739 5261 971 5329 manneae
986 5262 1066 5314 stiam
1087 5262 1180 5313 661666

652 342 765 412 Pllll.
785 340 892 411 MEL.
912 340 1100 410 sonim
1120 338 1392 411 boemanos
1412 338 1473 408 ΕΤ
1494 338 1766 411 sinuosius

2145 338 2221 431 ¹ruo

1234 531 1386 597 Romano
1418 530 1557 615 imperio
1589 529 1768 609 subiectis,
1784 532 1840 607 ⁶¹)
1873 547 1917 594 ne
1945 524 2071 593 olerum
2099 538 2221 597 canna

1235 632 1401 682 concessa
1421 612 1599 702 privilegia
1620 612 1804 700 imperialia
1826 614 1870 678 ad
1888 610 2034 679 tribunal
2048 617 2102 693 ο1)
2118 633 2220 682 secte·

1233 701 1307 766 lare
1340 701 1545 785 pertrahant.
1600 700 1683 766 Nam
1719 701 1771 765 sic
1803 698 1961 765 Clemens
1993 699 2087 784 Papa
2100 704 2155 780 ⁶⁸)
2182 710 2222 767 at

1235 789 1364 873 Martyr
1385 787 1578 871 liquisset)
1600 786 1639 851 Sl
1659 787 1716 871 qui
1739 787 2000 872 expresbyteris
2014 788 2068 865 οὅ)
2089 783 2223 852 habent

1235 874 1371 959 negotia
1402 873 1571 949 interae,
1603 871 1691 956 apud
1742 872 1938 957 reshyteros
1952 874 2006 951 66)
2038 868 2223 952 ecciesiae,

1234 958 1392 1045 quicquid
1408 970 1472 1035 est,
1490 958 1670 1024 dirimatur.
1714 892 1811 1022 6666
1828 976 1938 1042 neque
1950 960 2004 1033 07)
2027 954 2223 1023 Constanti·

1233 1064 1300 1110 nus
1328 1044 1374 1109 Μ.
1403 1043 1700 1110 christianissimus
1724 1041 1928 1127 imperator,
1954 1041 1990 1107 in
2014 1060 2114 1107 sacro
2138 1062 2222 1109 666-

1236 1128 1313 1195 cilio
1335 1130 1485 1194 Nieaeno
1508 1132 1605 1193 ctiam
1628 1131 1661 1191 in
1684 1130 1798 1194 causis
1828 1125 1980 1212 profanis
2002 1125 2107 1194 voluit
2134 1128 2223 1195 ludi·

1235 1217 1392 1293 666618)
1436 1211 1510 1277 Vos
1542 1213 1597 1278 Dii
1629 1214 1728 1292 estis,
1760 1213 1883 1298 inquit,
1910 1234 1932 1278 a
1957 1211 2033 1277 Deo
2063 1234 2146 1279 vero
2161 1217 2222 1295 ⁶⁹)

1236 1301 1416 1365 constituti.
1460 1298 1520 1378 lte,
1544 1310 1578 1366 et
1599 1300 1684 1364 inter
1711 1317 1774 1364 vos
1803 1318 1940 1364 causam
1954 1301 2007 1374 70)
2036 1298 2223 1384 disponite,

1235 1387 1315 1473 quia
1332 1386 1466 1473 dignum
1478 1406 1546 1452 nou
1564 1395 1676 1463 estut
1690 1387 1743 1462 ⁷¹)
1765 1403 1829 1449 aas
1841 1383 2024 1450 iudicemus
2034 1384 2222 1463 Deos.⁷¹⁸)

1304 1752 1352 1807 eat,
1373 1745 1419 1809 11)
1434 1760 1483 1812 pro
1498 1743 1601 1794 Levitis
1618 1742 1683 1795 aaa
1698 1745 1817 1812 smptus·
1841 1750 1893 1796 eat:
1916 1743 2066 1806 iaeritibaa,
2088 1744 2137 1811 16)
2159 1750 2223 1798 ma

1304 1814 1460 1865 ianitoribus
1477 1811 1596 1867 additur:
1615 1820 1656 1874 et,
1675 1813 1722 1879 14)
1735 1829 1786 1879 pra
1803 1811 1901 1862 tributa
1917 1813 2023 1878 legitur:
2040 1812 2166 1863 tributum

1234 1899 1282 1967 60)
1300 1896 1570 2032 pgoliiibelpdglpirbetst]
1595 1896 1723 1963 Obstat
1747 1898 1950 1964 prohibendum,
1972 1896 2093 1963 Pilug„
2117 1898 2221 1955 Motu:

1233 2053 1282 2119 61)
1300 2050 1447 2118 muleens]
1464 2051 1566 2106 Mam:
1584 2050 1694 2102 subditis

1233 2138 1282 2206 69)
1301 2138 1336 2188 ad
1353 2137 1478 2204 tribunall
1497 2135 1559 2189 baso
1575 2138 1602 2187 in
1619 2136 1705 2188 Mon.
1722 2136 1787 2188 sauls
1804 2134 1843 2188 bia
1859 2136 1957 2203 aen’pto
1971 2144 2035 2189 auat.

1232 2224 1282 2290 63)
1300 2225 1423 2274 Clemens
1451 2220 1535 2291 Papa]
1566 2224 1604 2273 aie
1629 2222 1757 2286 chytr„
1789 2220 1904 2285 subs,
1937 2222 2087 2283 Franck,
2125 2225 2226 2288 Hae,

1301 2291 1425 2354 Pilug.,
1441 2290 1542 2353 idom,
1561 2292 1666 2344 Desa:
1684 2290 1758 2356 Papa
1776 2288 1896 2341 Clemens

1233 2377 1282 2443 64)
1299 2376 1548 2442 inquit11Pilug.:
1567 2378 1618 2431 uit:

1233 2461 1281 2527 66)
1299 2462 1456 2528 presbyteris
1494 2463 1532 2513 aie
1555 2468 1623 2514 recte
1652 2462 1783 2527 chytr„
1807 2461 1963 2523 Franci„
1987 2461 2079 2527 1166.)
2103 2461 2222 2528 Deam,

1301 2530 1408 2593 Pabr.,
1426 2530 1448 2582 P
1471 2531 1536 2595 lug.
1556 2530 1655 2585 Mam:
1672 2531 1794 2582 Patribus

1233 2615 1282 2682 66)
1300 2615 1370 2681 apud
1395 2615 1575 2682 presbyteros]
1599 2615 1724 2680 Chytr„
1745 2617 1850 2676 Faba,
1874 2613 1997 2678 Pilug.,
2021 2613 2124 2667 Mon.t
2147 2617 2223 2681 apud

1302 2684 1452 2749 cognitores
1475 2686 1555 2735 seculi
1573 2699 1627 2734 nou
1658 2686 1819 2743 iudicentur,
1841 2684 1888 2732 sed
1911 2685 1980 2748 apud
2002 2684 2169 2749 presbyteros
2188 2713 2223 2723 —

1301 2752 1374 2804 Haec
1390 2754 1542 2805 maestum
1560 2768 1613 2803 eum
1632 2753 1739 2803 Decreti
1757 2753 1829 2803 (irat.
1853 2752 1884 2803 P.
1903 2752 1938 2802 11.
1957 2766 2027 2804 caus.
2048 2755 2090 2802 ll.
2116 2762 2222 2818 quaest

1303 2822 1327 2872 1.
1345 2836 1368 2871 o.
1386 2822 1429 2875 39.
1455 2821 1495 2885 (a'u
1512 2821 1592 2886 corp.
1611 2823 1663 2875 iur.
1682 2837 1775 2872 66666.
1799 2822 1841 2871 66.
1866 2819 1975 2871 Richter
1996 2821 2028 2872 P.
2045 2821 2067 2871 1.
2084 2837 2112 2887 p.
2128 2822 2223 2889 613.)

1232 2904 1280 2971 67)
1298 2904 1394 2975 nequa]
1411 2906 1536 2970 Pilag.,
1554 2906 1656 2960 Mam:
1675 2921 1723 2956 nee

1232 2990 1281 3058 66)
1298 2989 1436 3060 iudicare]
1471 2991 1599 3057 Chytr.,
1631 2992 1754 3057 Pilug.,
1788 2991 1889 3044 Mon-t
1914 2988 2057 3056 Epieoa'pos
2083 2990 2220 3054 iudicare,

1300 3059 1412 3114 Faba:
1435 3063 1508 3125 ipsos
1530 3062 1654 3113 iudicare.
1677 3086 1712 3098 -
1736 3060 1807 3127 Gens.
1830 3059 1939 3109 Decreti
1967 3057 2037 3111 aaa
2053 3055 2123 3109 let
2148 3061 2217 3109 dist

1301 3129 1343 3181 96.
1363 3144 1386 3178 6.
1406 3129 1431 3179 l.
1450 3128 1491 3195 (in
1508 3128 1587 3194 corp.
1606 3130 1655 3181 iar.
1674 3144 1769 3181 canon.
1789 3130 1831 3180 ed.
1850 3128 1959 3179 Richter
1975 3127 2005 3179 P.
2021 3128 2044 3180 1.
2060 3144 2086 3193 p.
2103 3128 2196 3195 169.)

1231 3212 1279 3280 69)
1298 3213 1391 3265 aDso
1409 3214 1484 3282 vero]
1503 3215 1628 3279 Prtugs
1647 3224 1673 3265 et
1689 3230 1707 3266 6
1723 3215 1782 3267 Deo
1800 3230 1878 3276 vero,
1896 3214 1998 3268 Moru:
2015 3228 2033 3265 6
2046 3211 2105 3263 Deo
2122 3221 2223 3265 nostro

1231 3301 1279 3367 ’16)
1298 3298 1412 3367 causam]
1430 3300 1532 3354 Momt
1550 3314 1642 3352 causas

1230 3385 1278 3450 11)
1296 3385 1337 3451 ut]
1357 3387 1384 3435 in
1401 3385 1497 3436 Fahr.
1517 3384 1592 3437 deest.

1231 3472 1296 3537 116)
1306 3469 1399 3539 Deos]
1418 3471 1479 3522 Post
1495 3469 1559 3521 basse
1574 3485 1657 3523 uocem
1673 3473 1700 3520 16
1721 3471 1830 3536 Pilug.
1849 3469 1976 3523 addamus
1998 3469 2074 3525 haec:
2096 3468 2169 3523 Fixa
2192 3481 2221 3523 et

1299 3547 1450 3604 permaneat
1466 3540 1592 3591 Frideriei
1609 3540 1788 3605 Irnperatoris,
1805 3540 1834 3593 S.
1859 3540 2007 3590 Maiestatis
2030 3540 2222 3607 praedecesso·

1300 3611 1336 3657 ris
1363 3612 1447 3658 nostri
1474 3610 1643 3669 constitutio,
1671 3610 1744 3658 cuins
1770 3611 1820 3658 ista
1844 3624 1883 3658 est
1911 3616 1988 3659 tenor
2011 3608 2039 3658 ln
2062 3608 2219 3661 Anthentie.

1301 3675 1452 3738 Statuimus,
1470 3675 1500 3726 C.
1520 3678 1554 3726 de
1570 3678 1709 3743 Episcopis
1727 3685 1753 3727 et
1771 3677 1896 3731 clericis:
1914 3677 2060 3740 statuimus,
2077 3684 2108 3727 ut
2125 3678 2218 3729 661166

1303 3745 1503 3794 ecclesiasticam
1527 3759 1662 3810 personam
1686 3748 1714 3795 iu
1741 3748 1869 3796 criminali
1895 3748 2050 3811 quaestione
2072 3748 2116 3797 rel
2144 3746 2219 3797 civili

1301 3814 1404 3864 trahere
1422 3814 1457 3864 66
1474 3815 1598 3864 16616166
1615 3816 1733 3864 seculare
1744 3823 1892 3879 praesumat
1908 3822 2001 3865 contu
2015 3818 2221 3867 consecutiones

1302 3883 1454 3947 Imperiales
1473 3891 1500 3933 et
1518 3885 1656 3933 canonicas
1674 3884 1830 3934 sanctiones.
1867 3881 1946 3943 Quod
1967 3885 1991 3932 61
2014 3883 2125 3944 iecerlt3
2148 3884 2220 3935 aetio

1302 3966 1318 4001 6
1335 3967 1382 4002 666
1401 3954 1458 4001 inre
1475 3952 1567 4013 cadat,
1584 3953 1726 4002 iudicatum
1744 3967 1799 4003 uon
1817 3959 1919 4014 teneat,
1942 3960 1969 4002 et
1985 3952 2065 4002 iudex
2085 3952 2164 4001 simul
2183 3964 2221 4003 ax

1303 4028 1363 4069 tunc
1382 4020 1471 4071 6111616
1489 4022 1623 4070 iudicandi
1645 4021 1677 4070 sit
1699 4023 1823 4086 privatus.
1858 4020 1932 4070 Haec
1958 4022 2044 4070 amnia
2067 4020 2099 4072 0.
2122 4020 2162 4070 tt.
2186 4020 2220 4070 in

1301 4104 1349 4139 suo
1367 4090 1462 4139 robore
1480 4090 1536 4140 vult
1551 4104 1715 4153 permanere,
1740 4096 1799 4139 cta
1821 4089 1985 4152 Principibus
2009 4088 2160 4150 observari,
2183 4103 2221 4140 ne

1301 4160 1518 4208 commisceantur
1538 4167 1616 4223 atque
1639 4159 1831 4209 confundantur
1854 4164 2009 4223 potestates,
2032 4158 2105 4224 quod
2128 4160 2220 4209 unto-

1301 4240 1364 4293 pere
1380 4227 1424 4277 hic
1436 4227 1575 4291 refugiunt
1595 4226 1740 4294 Principes,
1758 4228 1805 4277 sed
1822 4228 1924 4292 utrique
1942 4228 2020 4276 statui
2034 4240 2150 4276 summus
2166 4226 2221 4279 ho-

1301 4310 1352 4346 nor
1368 4306 1500 4358 serretur,
1524 4296 1649 4361 additque
1673 4295 1701 4346 0.
1720 4295 1769 4359 11.,
1791 4311 1926 4346 causarum
1943 4296 2173 4346 matrimonialium
2191 4303 2222 4346 et

1301 4364 1458 4414 decimarum
1476 4366 1650 4429 cognitionem
1668 4366 1774 4414 omnino
1792 4368 1827 4415 ad
1836 4364 2056 4430 Archiaplseopoa
2071 4366 2221 4429 pertinere,

1301 4439 1328 4483 et
1344 4448 1391 4498 por
1408 4434 1507 4484 iudicia
1524 4434 1653 4483 secularia
1669 4435 1779 4485 indicari
1798 4448 1851 4484 nou
1876 4434 1979 4485 debere.
2015 4434 2085 4485 Nam
2107 4434 2141 4483 de
2166 4432 2217 4483 66-

1301 4503 1373 4552 cimis
1391 4503 1444 4552 iit.
1464 4502 1498 4551 ad
1514 4503 1555 4553 166
1573 4505 1727 4554 canonicum
1745 4504 1871 4567 pertinet,
1894 4508 1921 4551 st
1943 4502 2105 4559 matrimonii
2126 4516 2221 4553 66666·

1299 4580 1415 4621 mentum
1438 4579 1480 4621 est
1503 4570 1654 4633 eeclesiae,'
1669 4572 1702 4623 ab
1724 4571 1915 4621 Ecclesiasticis
1937 4571 2128 4634 deliniendum,
2146 4571 2217 4622 lloat

1300 4641 1387 4704 quoad
1405 4641 1569 4703 donationes,
1586 4642 1774 4703 successiones,
1791 4640 1960 4704 hereditates,
1976 4643 2060 4703 dotes,
2077 4649 2106 4689 et
2121 4639 2220 4691 huius*

1301 4710 1402 4760 eemodi
1419 4710 1533 4762 tribunal
1555 4709 1680 4775 Episcopi
1703 4712 1797 4759 merito
1821 4710 1933 4759 seculari
1957 4718 1984 4760 et
2004 4708 2137 4775 imperiali
2162 4709 2219 4777 iuri

1300 4780 1392 4830 cedere
1410 4780 1513 4830 debeat.
1548 4776 1620 4831 Hace
1634 4781 1662 4829 in
1678 4779 1763 4830 Mon.
1782 4779 1928 4829 6166666616
1943 4785 2016 4834 auat:
2035 4779 2064 4846 l)
2077 4792 2129 4845 pro
2144 4776 2222 4829 Mixa

1300 4854 1328 4898 et
1342 4856 1494 4914 permaneat
1510 4845 1670 4903 mittemur:
1687 4849 1755 4899 Fixa
1770 4861 1834 4911 ergo
1845 4854 1962 4909 maneat,
1980 4849 2010 4916 9)
2023 4862 2073 4914 pro
2089 4845 2219 4899 611616-

1299 4920 1372 4966 statis
1391 4917 1519 4983 leguntur:
1537 4915 1607 4969 Suae
1624 4917 1694 4978 ΜΨ,
1711 4917 1741 4981 3)
1758 4919 1842 4969 nostri
1861 4918 1935 4978 deest,
1952 4918 1984 4983 1)
2000 4914 2092 4969 veto:
2111 4916 2139 4965 ia
2158 4916 2221 4965 Au·

1300 4984 1405 5038 thentic.
1430 5014 1463 5025 -
1485 4994 1513 5037 et
1541 4984 1664 5048 Clerieis,
1692 4988 1783 5038 omisso
1803 4994 1869 5038 aura.
1904 4986 1935 5105 6)
1957 5002 2008 5052 pro
2030 4984 2100 5035 actio
2122 4997 2140 5033 6
2164 4998 2218 5035 aaa

1299 5055 1357 5104 lare
1375 5055 1501 5122 bamur:
1520 5061 1594 5105 actor
1611 5070 1628 5105 a
1644 5056 1704 5105 lure
1721 5069 1784 5116 suo,
1801 5055 1832 5122 6)
1852 5071 1901 5122 pra
1928 5054 1997 5104 udex
2014 5054 2092 5105 61661
2113 5053 2219 5119 uita·

1275 5156 1278 5160 -
1298 5130 1369 5178 aunt:
1387 5125 1464 5175 ludex
1482 5125 1532 5186 sit,
1549 5124 1579 5189 ’1)
1597 5130 1655 5175 aede
1676 5124 1791 5189 privatus
1813 5124 1894 5177 deest:
1913 5125 1960 5185 sit,
1983 5124 2014 5190 6)
2032 5136 2083 5189 pra
2105 5122 2218 5189 utrique

1298 5194 1375 5242 statui
1401 5208 1514 5244 summus
1539 5192 1567 5242 h.
1595 5201 1721 5244 servetur.
1760 5193 1895 5259 additque
1920 5191 2048 5259 tequea:
2073 5192 2218 5257 66166666

1298 5264 1377 5313 statui
1393 5276 1454 5312 suus
1470 5263 1497 5314 b.
1524 5270 1700 5314 wuaersemr.
1737 5262 1821 5312 Addit
1854 5263 1886 5328 9)
1905 5276 1958 5328 pre
1977 5260 2216 5320 6161666166·-
