4702 6030
167 352 236 422 tm
618 353 859 424 stiuam.
880 353 1069 423 solum
1090 351 1434 421 commaticam
1453 350 1726 421 SYMBOUOA.
2117 354 2187 422 dli)

169 542 284 607 siones
321 539 491 607 habebant
522 539 628 620 viles,
661 563 724 608 nec
737 538 741 546 ’
756 544 866 609 vinum
900 533 1077 620 bibebant,
1110 553 1147 606 vt
1198 552 1265 604 tem
1287 536 1379 605 iacta
1401 552 1499 606 crunt
1519 539 1622 606 irrita.
1666 538 1738 605 Sed
1759 542 1904 607 noudum
1933 553 2033 608 norat
2058 542 2178 612 Eccle-

168 627 286 692 scribit
314 625 471 692 ieremias
503 625 585 692 Ca.
619 649 724 692 xxxv.
742 632 784 708 ¹⁶)
838 628 973 694 Scilicet
1005 625 1147 712 pulchre
1198 625 1249 711 sia
1270 624 1356 692 baec
1378 637 1468 691 vota.
1512 625 1627 711 ltaque
1649 625 1785 692 damnat
1805 624 1931 715 Paulas
1955 628 2089 708 viduas,
2111 651 2179 696 non

168 713 310 798 quadrat
331 710 517 799 exemplum
569 711 793 778 ecbabltarum
815 716 858 779 ad
878 712 1065 779 Monacbos
1087 733 1146 777 no·
1198 709 1275 797 qula
1296 712 1433 776 nubunt.
1467 710 1562 775 lubet
1583 711 1669 775 euim
1691 713 1818 778 nubere
1836 714 1997 791 iuniores,
2019 714 2094 778 sad·
2125 717 2181 782 uis

167 807 272 876 strue,
293 818 434 883 quoram
451 795 654 863 Monasteria
676 812 837 883 superant
856 797 981 886 palatia
1002 797 1145 884 Regum,
1199 792 1333 882 publico
1355 807 1490 881 sumptu
1515 793 1616 861 alitae
1642 792 1881 875 lascinlebant,
1907 799 2050 884 ideoque
2078 798 2180 867 flem

168 883 225 969 qui
246 879 431 948 lautissime
451 883 575 948 viuum.
611 882 911 951 EtRecbabltaein
932 882 1146 950 illaomuium
1198 882 1409 963 ale‘ciebant.
1441 880 1517 947 lloc
1537 893 1639 946 vocat
1659 881 1797 965 primam
1819 883 1928 963 fidem,
1951 883 2179 962 scilicet,uon

167 968 1053 1142 titatitim‘tttnttdtiitstttitii
1069 966 1146 1119 it·
1198 965 1502 1137 {risibilia
1527 963 1888 1137 bilaibii‘i‘imir
1910 968 2179 1140 bittit

167 1136 317 1203 libatum.
361 1136 536 1203 Caetenrm
569 1137 722 1225 exempla
752 1142 845 1207 iaxta
877 1139 1045 1228 segidam
1079 1138 1147 1204 boc
1199 1149 1233 1202 et
1255 1138 1396 1202 maxime
1413 1137 1617 1201 domesticos
1637 1156 1706 1201 uon
1728 1149 1841 1217 curat,
1869 1138 1966 1204 fldem
2032 1142 2178 1227 negauit.

166 1234 238 1301 eet,
258 1223 350 1288 iuxta
373 1224 560 1307 scripturas
582 1237 694 1290 certas
715 1238 749 1291 et
777 1223 905 1305 claras,
934 1224 1000 1292 non'
1029 1237 1147 1290 contra
1198 1219 1307 1287 Aliter
1328 1223 1413 1288 enim
1437 1221 1479 1286 de
1499 1219 1565 1287 lide
1585 1218 1733 1307 loquitur
1754 1243 1854 1308 quam
1877 1223 2067 1309 Sopbistse.
2101 1225 2179 1292 Nou

167 1306 338 1394 regulam,
366 1328 427 1373 sen
455 1321 573 1375 contra
603 1311 789 1393 scripturas
822 1311 1033 1396 interpretari
1067 1330 1147 1375 cou-
1197 1308 1310 1373 tribuit
1341 1307 1439 1372 fidem
1472 1306 1525 1372 bis
1563 1309 1620 1392 qni
1659 1307 1785 1374 babent
1816 1323 1988 1393 paccatum
2024 1309 2177 1377 mortale.

168 1395 269 1458 uenit.
314 1390 542 1460 certissimum
573 1407 627 1459 eet
659 1407 769 1462 autem
801 1398 1054 1485 obseruationes
1087 1415 1146 1460 no·
1199 1391 1277 1457 ideo
1299 1393 1378 1458 dicit
1399 1392 1465 1457 bos
1488 1393 1634 1478 abijcere
1656 1392 1774 1473 iidem,
1795 1395 1851 1479 qui
1872 1415 1940 1460 uon
1962 1407 2079 1462 curant
2098 1417 2177 1480 pro·

167 1488 258 1543 atras
279 1497 346 1545 non
369 1481 489 1543 mereri
508 1483 738 1546 remissionem
759 1494 992 1566 peccatorum,
1020 1491 1078 1546 aut
1097 1482 1147 1545 iu·
1169 1458 1175 1631 Ι
1198 1479 1352 1564 pinques.
1396 1476 1440 1543 Et
1460 1479 1505 1544 ad
1525 1479 1668 1543 eundem
1694 1479 1828 1555 modum
1853 1481 1934 1550 dicit
1962 1477 2176 1548 mulierculas

167 1561 414 1629 stificatiouem.
465 1564 577 1638 Quare
610 1587 686 1631 cum
719 1563 897 1633 laudantur
927 1563 1145 1644 Reclaabitee,
1196 1561 1386 1649 petulantes
1408 1561 1505 1629 iidem
1528 1563 1685 1647 abiicere.
1698 1562 1753 1640 ⁴⁵)

167 1666 311 1713 necesse
331 1659 385 1713 ast
407 1669 466 1714 ees
487 1669 614 1716 morem
642 1671 756 1730 soom,
781 1672 849 1716 non
876 1653 952 1717 ideo
977 1670 1147 1730 seruasse,
1282 1646 1511 1714 Percurrlmus
1532 1646 1658 1734 aliquot
1680 1659 1814 1715 nostras
1836 1651 1982 1715 rationes
2005 1661 2040 1715 et
2068 1652 2178 1718 obiter

168 1734 261 1819 quod
293 1735 454 1799 sentirent
487 1754 526 1798 ee
557 1754 618 1819 per
656 1755 731 1801 cum
764 1738 883 1804 mereri
916 1738 1146 1803 remissionem
1198 1730 1352 1800 diluimus
1385 1754 1427 1808 ea
1458 1755 1546 1819 quae
1577 1734 1762 1816 aduersarij
1796 1735 1966 1821 obijciunt
2015 1733 2059 1801 Et
2089 1735 2177 1804 haec

168 1829 395 1904 peccatorum,
416 1830 473 1885 aut
495 1839 581 1904 opus
602 1820 711 1905 ipsum
733 1821 857 1888 cultum
870 1843 949 1889 esse
966 1821 1147 1888 iustificari·
1198 1816 1398 1906 collegimus
1431 1840 1500 1884 non
1534 1817 1645 1884 solum
1678 1829 1814 1904 propter
1847 1821 2079 1901 aduersarios,
2113 1822 2178 1888 sed

167 1917 245 1981 tem,
266 1914 324 1969 aut
343 1916 481 1988 propter
501 1924 601 1990 quem
625 1920 911 1993 consequerentur
920 1908 1021 1974 vitam
1040 1918 1147 1972 eeter-
1197 1901 1301 1969 multo
1331 1906 1438 1990 magis
1470 1920 1607 1988 propter
1633 1904 1706 1988 pias
1733 1916 1880 1983 mentes,
1907 1919 1944 1971 vt
1969 1906 2116 1972 babeant
2141 1909 2176 1973 iu

165 2008 259 2067 nam,
289 2008 356 2053 nou
384 2009 447 2076 per
471 1991 732 2057 misericordiam
754 1991 841 2074 Del,
867 2005 1004 2081 propter
1031 2011 1147 2057 semen
1199 2001 1382 2075 conspectu
1404 2009 1544 2069 causes,
1572 2009 1676 2075 quare
1696 1990 1887 2075 improbare
1907 1992 2177 2078 debeantbypo·

168 2074 379 2160 promissum.
418 2076 486 2140 Sed
510 2076 588 2226 qqia
603 2074 798 2181 ,babuerunt
819 2079 1008 2144 mandatum
1029 2095 1152 2161 paren-¹
1198 2075 1300 2139 crisin
1332 2088 1367 2142 at
1396 2073 1495 2141 lictoa
1522 2074 1632 2139 cultus
1659 2072 1885 2155 Monosticos,
1920 2096 2007 2162 quos
2041 2078 2179 2182 quiden

165 2171 247 2310 tt:
267 2156 424 2309 titt,
445 2162 802 2330 {distillet
818 2174 1147 2315 ‘amittitis
1197 2157 2081 2321 ttzdtidttetniitiiii‘ttt‘aad
2097 2175 2177 2315 tt

165 2331 269 2396 bebat
290 2327 390 2397 finem
412 2332 600 2418 proprium,
635 2334 712 2418 qula
740 2335 907 2421 peregrini
934 2344 1047 2412 erant,
1080 2353 1146 2398 non
1198 2331 1283 2414 ipsa,
1306 2342 1337 2395 et
1358 2331 1613 2396 obseruationes
1635 2327 2176 2414 ciborum,lcctionum‚cantuum,

165 2411 350 2494 israelitae,
374 2427 513 2501 apparet
533 2428 661 2500 petrem
679 2416 829 2485 voluisse
853 2438 914 2484 eos
936 2419 1036 2485 certis
1057 2417 1146 2485 notis
1197 2416 1358 2495 restitus,
1391 2415 1601 2494 calceorum,
1633 2412 1858 2502 cingulorum,
1899 2416 2033 2484 inutiles
2065 2415 2178 2486 cultus

166 2501 357 2566 discernere
378 2521 400 2566 a
422 2501 492 2567 suis
514 2499 749 2587 popularibus,
776 2524 820 2570 ne
846 2502 1079 2570 relaberentur
1103 2504 1148 2569 ad
1198 2511 1278 2566 sunt
1299 2521 1413 2566 coram
1434 2499 1521 2566 Deo.
1554 2499 1599 2564 Et
1620 2513 1714 2566 certo
1736 2501 1845 2566 sciant
1866 2521 1982 2568 omues
1998 2505 2178 2589 piaamcn·

162 2587 364 2671 impietatem
386 2608 430 2671 po
477 2585 607 2653 larium.
651 2585 799 2654 Volebat
819 2590 872 2655 bie
894 2591 984 2655 notis
1005 2608 1068 2655 eos
1090 2587 1148 2654 ad·
1197 2597 1261 2665 tea,
1282 2583 1475 2670 simpliciter
1487 2584 1711 2652 Pbarisaicam
1729 2596 1763 2650 et
1779 2587 1966 2653 damnatam
1989 2589 2178 2674 opinionem

166 2690 303 2738 monere
336 2671 416 2735 doct
467 2691 508 2736 ae
548 2671 625 2738 lidci
664 2686 702 2739 et.
734 2673 1001 2741 immortalitatis.
1054 2672 1148 2738 Talis
1198 2691 1287 2749 esse,
1309 2672 1401 2756 quod
1421 2668 1499 2736 illae
1520 2672 1776 2738 obseruationes
1799 2676 2178 2740 mereantur'remissto·

58 2838 61 2843 1
166 2754 243 2822 finis
271 2765 324 2822 cst
351 2754 473 2823 licitus.
516 2758 564 2823 As
596 2757 683 2823 fines
715 2756 925 2826 ltmastieae
955 2760 1058 2846 longe
1089 2756 1148 2846 aiij
1198 2776 1272 2821 nem
1305 2768 1538 2842 pcccatorum,
1567 2756 1656 2842 quod
1684 2768 1822 2841 propter
1848 2777 1908 2823 eas
1934 2759 2013 2824 lusti
2046 2775 2176 2846 repute-

166 2842 349 2908 traduntur.
394 2841 540 2930 fingunt
560 2862 664 2927 opera
685 2843 889 2910 blonastioee
919 2843 1032 2911 cultus
1055 2863 1146 2922 esse,
1198 2862 1290 2920 mur,
1318 2842 1565 2928 quodpropter
1588 2861 1648 2907 aaa
1671 2862 1913 2928 consequamur
1941 2845 2042 2910 vitam
2071 2857 2177 2912 aeter·

167 2925 210 2993 du
237 2938 295 2990 unt
323 2945 363 2991 ea
391 2929 510 2992 mereri
537 2930 766 2996 remissionem
790 2941 1004 3015 peccatorum
1032 2950 1074 2996 ac
1101 2931 1148 2996 iu·
1197 2947 1287 3006 nam
1307 2946 1375 2990 non
1397 2947 1458 3012 par
1479 2926 1740 2993 misericordiam
1763 2939 1900 3013 propter
1921 2927 2101 2996 Christum.
2132 2931 2177 2997 Et

166 2948 411 3079 nudationem.
444 3012 507 3078 Est
523 3012 625 3098 igitur
641 3013 802 3080 dissimile
817 3012 1147 3081 Monostieaeaxam-
1196 3030 1341 3076 necem
1362 3023 1416 3076 est
1436 3024 1576 3080 sanctos
1598 3013 1690 3078 viros
1712 3016 1768 3097 qui
1790 3013 1824 3078 in
1848 3011 1901 3078 bis
1927 3016 2016 3080 vitae
2045 3018 2176 3101 genem·

164 3097 256 3184 plum
274 3094 544 3177 Rechabltarum,
565 3107 603 3163 vt
624 3101 812 3166 omittamus
843 3101 898 3167 bic
925 3097 990 3166 alia
1022 3101 1147 3167 incom-
1197 3098 1260 3163 bus
1285 3097 1446 3177 merant,
1467 3098 1598 3164 abiecta
1619 3096 1741 3163 fiducia
1762 3097 1875 3164 talium
1892 3100 2175 3184 obsematiomrm,

166 3183 372 3334 ”moliendi
387 3181 1013 3355 geantpliofepsdeffltlrfflcllap
1046 3292 1070 3335 v
1103 3270 1145 3335 de
1197 3183 1373 3333 qqquqsquq,
1388 3184 1495 3355 gigig
1515 3184 2178 3354 hqqpqqseqqqtneqqoqeqqqthqqnffl

1015 3317 1024 3336 ·
1071 3316 1080 3335 ·
1684 3312 1694 3347 s

167 3353 295 3431 vidais,
330 3373 417 3437 quae
448 3356 635 3421 sarcientes
668 3353 860 3437 Ecclesiae,
895 3354 1072 3422 alebantur
1102 3356 1145 3422 de
1195 3373 1257 3437 per
1276 3353 1537 3419 misericordiam
1560 3354 1772 3419 consecuturi
1793 3366 1911 3419 essent
1936 3357 2038 3422 vitam
2066 3370 2176 3424 aeter·

165 3435 315 3526 publico,
337 3439 394 3503 vbi
412 3439 468 3503 ait.
513 3439 805 3519 Nubere-volunt,
827 3441 990 3506 habentes
1012 3441 1146 3507 damna·
1196 3458 1285 3517 nam,
1305 3458 1372 3504 non
1394 3451 1531 3526 propter
1551 3435 1629 3504 illos
1658 3437 1786 3519 csdtus,
1814 3441 1904 3525 quod
1923 3439 2018 3507 Dana
2046 3454 2175 3510 mntem

166 3526 302 3601 tionem,
323 3523 402 3608 qula
422 3525 561 3608 primam
588 3523 686 3590 fidem
714 3527 840 3592 irritam
866 3524 1030 3592 ieeemuc
1073 3526 1146 3592 Pri·
1196 3526 1359 3609 approbot
1380 3521 1492 3592 cultus
1520 3544 1584 3590 suo
1611 3526 1715 3590 verbo
1743 3525 1927 3605 institutos,
1953 3528 2009 3612 qui
2035 3526 2174 3595 valeant

167 3630 256 3676 mam
276 3605 332 3674 hic
353 3607 519 3696 fingamus
544 3607 743 3695 Apostolum
772 3612 815 3676 de
840 3613 929 3677 votis
955 3609 1065 3716 loqui,
1096 3625 1146 3677 ta·
1196 3610 1230 3674 in
1252 3608 1328 3675 lide.
2034 3668 2046 3675 .

166 3715 242 3762 meu
270 3692 326 3758 nte
355 3692 453 3761 locus
480 3714 549 3759 non
575 3696 838 3779 patrocinabitur
864 3695 1061 3762 blonastroie
1089 3718 1145 3762 ro

167 3785 223 3860 tis,
244 3799 330 3866 quae
351 3778 435 3845 fiunt
456 3780 499 3844 de
513 3780 624 3867 impijs
646 3778 810 3862 cultibus,
831 3793 866 3848 et
892 3780 957 3846 hac
978 3782 1145 3866 opinione,

167 3877 204 3933 vt
230 3875 420 3943 mereantur
446 3865 676 3930 remissionem
705 3877 939 3950 peccatorum,
967 3876 1003 3932 at
1029 3864 1145 3932 iustili-
1259 3862 1323 3928 DE
1356 3861 1655 3927 suissuis:
1683 3861 2101 3929 scotastasmca.

168 3952 343 4019 cntionem
386 3946 511 4015 Paulus
540 3952 626 4015 euim
658 3961 729 4017 tota
755 3972 841 4018 voce
866 3951 1001 4017 damnat
1028 3971 1145 4017 omnes

166 4035 291 4117 cultus,
311 4053 427 4102 omncs
448 4032 555 4123 leges,
575 4036 687 4100 omnia
707 4057 822 4122 wera,
845 4041 875 4104 el
895 4037 941 4102 ita
962 4037 1145 4104 obseruau-
1280 4032 1506 4100 Vehementer
1521 4033 1577 4100 nto
1592 4034 1818 4102 vociferantur
1835 4036 2021 4124 aduersarlj
2043 4038 2087 4105 de
2107 4039 2174 4125 pri·

165 4128 233 4200 tur,
254 4132 291 4186 vt
311 4134 501 4186 mercantur
521 4122 756 4188 remissionem·
770 4134 1005 4208 pcccatorum,
1030 4134 1089 4188 aut
1110 4133 1146 4189 vt
1194 4119 1329 4207 uilegijs
1362 4132 1397 4185 et
1425 4120 1682 4186 immunitatibus
1715 4118 1948 4187 Ecclesiastlei
1975 4134 2102 4202 statue,
2130 4123 2173 4189 Et

166 4212 306 4295 propter
327 4226 368 4272 aa
390 4226 636 4294 consequamur
655 4208 757 4273 vitam
779 4219 1047 4286 aeternam-non
1068 4229 1146 4293 pro·
1195 4207 1320 4272 addunt
1341 4202 1528 4291 Epilogum
1568 4206 1665 4272 irrita
1687 4220 1764 4272 sunt
1784 4207 1896 4275 omnia
1917 4229 2003 4294 quae
2024 4210 2057 4273 iu
2076 4229 2173 4295 prae·

165 4305 240 4378 pter
272 4290 441 4358 christum
473 4313 534 4379 per
565 4293 837 4361 misericordiam.
888 4292 975 4359 ideo
1001 4295 1148 4360 necesse
1194 4293 1281 4358 senti
1303 4288 1445 4356 articulo
1470 4302 1588 4356 contra
1616 4292 1852 4357 immunitatem
1880 4290 2109 4360 Ecclesismm
2138 4306 2173 4359 et

100 4372 111 4387 ⁸
166 4390 221 4444 est
240 4389 320 4444 vota
340 4378 528 4458 viduarum,
550 4380 647 4464 siqua
668 4375 819 4459 fuerant,
839 4376 1011 4445 dissimilia
1040 4377 1145 4446 fuisse
1195 4377 1413 4445 sacerdotum
1439 4371 1635 4443 inseruntur.
1679 4376 1848 4444 flacceat
1875 4398 1967 4443 mera
1994 4379 2170 4460 edumnia,

166 4463 255 4530 rotis
285 4464 492 4529 Monosticis.
537 4462 731 4542 Praeterea,
763 4465 794 4528 si
815 4485 881 4530 non
903 4466 1066 4530 ‘desinant
1086 4466 1144 4531 ad·
1194 4463 1267 4528 Nos
1289 4463 1374 4527 enim
1396 4462 1439 4527 de
1460 4464 1562 4527 rebus
1583 4459 1661 4545 alijs
1678 4463 1712 4528 ln
1733 4462 1801 4530 boc
1822 4462 1963 4530 ardcmo
1992 4465 2172 4553 disputaci-

166 4550 307 4636 aersarij
329 4551 533 4635 detorquere
553 4546 665 4616 locum
686 4551 729 4614 ad
757 4558 855 4631 vota,
881 4551 1144 4636 detorquendam
1195 4568 1279 4616 mus
1322 4545 1499 4613 (laetarum
1521 4566 1623 4632 saepe
1643 4549 1753 4614 testati
1775 4569 1911 4629 sumus,
1931 4570 1996 4615 noa
2017 4549 2172 4638 politicas

166 4636 229 4700 crit
251 4635 367 4700 eodem
390 4633 458 4698 boc
478 4655 624 4721 quoqne,
646 4635 735 4719 quod
753 4634 932 4723 vetateligi
950 4639 991 4715 ¹⁶)
1012 4637 1144 4702 viduam

165 4721 445 4791 minorem-annis
468 4721 659 4806 sexagintas.
686 4719 737 4784 lta
758 4726 838 4787 sota
858 4734 939 4786 ante
959 4740 1033 4787 eam
1054 4734 1144 4788 aeta·

1214 4822 1243 4890 ·)
1260 4823 1297 4874 Iit
1317 4822 1368 4873 boo
1390 4821 1470 4873 modo
1493 4847 1527 4859 -
1550 4822 1644 4872 codam
1661 4820 1740 4892 Gap]
1757 4821 1818 4875 doec
1841 4823 1908 4892 (sol
1927 4825 1960 4878 s·
1978 4826 2010 4874 lb
2032 4825 2077 4876 lia
2096 4825 2137 4892 2.)
2154 4841 2173 4875 o

1264 4890 1407 4942 Lntbaro
1425 4888 1502 4940 rubro
1520 4889 1602 4941 colore
1618 4888 1750 4942 aalaotcto
1766 4899 1831 4943 m.

1197 4974 1241 5044 '')
1260 4976 1424 5027 mulierculas
1445 4974 1593 5040 psmlautes
1614 4975 1693 5025 fldem
1713 4977 1849 5045 abijcsre.]
1868 4976 1912 5030 ‘lais
1935 4977 2019 5030 mtto
2045 4977 2172 5099 (ίοιὶιώὶι
2231 5026 2237 5035 ,

2044 5083 2058 5111 ι

191 5009 895 5144 mm
911 5012 1016 5136 “a“
1371 5042 2173 5174 ’maun

167 5165 213 5233 ¹⁶)
231 5164 296 5230 ⁰⁸12·
313 5162 408 5231 mn]
427 5163 478 5214 Ed·
496 5163 534 5215 3*
553 5166 640 5230 ΨΜ
657 5167 792 5232 ‘'idm‘’
810 5168 910 5234 ‘lum-
1259 5185 1306 5249 qui
1322 5182 1402 5233 vallet
1417 5187 1464 5231 aut
1480 5185 1567 5245 posset
1584 5179 1688 5231 ducere.
1723 5182 1759 5234 Et
1781 5183 1856 5236 lutei
1876 5184 1940 5236 odic
1962 5184 2065 5238 ebrus
2087 5185 2171 5237 liban·

169 5249 214 5317 id)
232 5248 305 5317 eligi}
325 5250 376 5304 lid.
394 5249 420 5300 3.
439 5256 492 5318 lap.
510 5265 576 5302 amr
595 5251 664 5314 elegi
711 5278 714 5288 ·
801 5264 805 5271 ·
1261 5258 1302 5300 ter
1318 5265 1362 5302 eas
1379 5250 1527 5301 duxerint·
