4702 6030
65 1024 70 1033 .
170 993 275 1058 opera
302 985 436 1050 nostra,
470 971 548 1055 quia
580 989 747 1055 nunquam
779 988 958 1053 possemus
991 981 1151 1048 statuere,

162 357 235 427 aaa
550 358 738 493 ¹>ruinis
748 356 856 422 unc.
877 352 1067 421 somma
1086 351 1355 423 noanarrca
1373 355 1432 421 nr
1450 352 1723 422 sunnonem
1819 379 1824 413 .·
2001 317 2010 333 '
2115 355 2185 420 uu

167 565 238 612 non
271 555 385 631 potest
409 555 577 621 statuere,
611 543 702 629 quod
733 562 818 626 opus
847 541 1032 607 satisfaciat
1060 540 1148 619 Deo,
1199 561 1284 621 sam,
1307 542 1642 628 perhanoquaerunt
1659 541 1836 622 iusticiam,
1855 542 2006 627 gratiam,
2026 540 2186 622 salntem,

138 700 146 713 ‚
168 630 250 696 ldeo
279 650 412 715 semper
439 632 590 715 angitur,
617 641 650 693 et
671 629 816 711 subinde
836 625 901 692 alia
923 648 1043 712 opera,
1064 624 1149 690 alios
1199 647 1239 693 ex
1257 646 1361 710 opere
1382 639 1531 713 operato.

170 714 283 783 nultus
312 718 500 801 excogitat,
533 715 641 779 donec
669 733 811 799 prorsus
840 716 1004 798 desperat
1056 712 1149 776 llaec
1284 710 1382 776 Alter
1408 715 1528 778 modus
1555 711 1799 778 iustificationis
1828 713 1970 778 traditur
1998 710 2199 779 a'l'heolo·⁴

170 803 255 868 ratio
290 813 383 866 extat
412 801 500 884 apud
533 796 673 864 Paulum
712 798 808 863 Rom.
839 819 894 884 mJ.
927 799 984 863 vbi
1017 799 1150 881 probat,
1201 795 1253 884 gis
1276 794 1506 875 Scholasticis,
1529 818 1604 863 cnm
1627 798 1758 876 docent,
1782 799 1870 883 quod
1890 799 1967 863 insti
1983 802 2102 877 simus,
2124 817 2187 883 per

169 887 261 974 qnod
292 888 471 971 promissio
504 885 671 964 iusticias,
709 905 778 948 non
812 885 983 971 contingat
1014 893 1151 969 propter
1200 884 1363 1033 poemiam
1387 879 1541 986 habitum⁸
1561 903 1582 947 a
1604 882 1678 985 Deo
1692 881 1863 987 infusum,
1886 884 1951 1032 pai·
1960 897 2014 950 est
2037 882 2188 988 dilectio,

168 1060 260 1145 qnod
288 1056 487 1122 haberemus
514 1051 682 1139 placatum
709 1053 828 1120 Deum.
861 1053 935 1119 Lex
956 1056 1041 1119 enim
1068 1073 1150 1119 sem·
1201 967 1867 1145 tetggrl⁰hrlllossl⁸l1¹lhd⁸l¹fil¹illlllclot
1888 966 2190 1139 lgglz'siltcllihlh':

170 1164 231 1229 per
260 1153 416 1218 accusat,
445 1141 494 1205 lta
514 1142 692 1225 promissio
716 1141 807 1205 irrita
831 1152 939 1219 esset,
960 1152 994 1205 et
1013 1141 1151 1216 incerta,
1241 1141 1307 1204 ntia
1340 1153 1374 1204 et
1407 1141 1474 1205 vita
1507 1151 1656 1204 aeterna.
1708 1138 1802 1205 llaec
1833 1142 1985 1206 doctrina
2010 1138 2111 1225 plane
2134 1151 2191 1205 est

171 1231 249 1295 ldeo
273 1225 440 1293 concludit
462 1229 552 1312 quod
569 1227 746 1311 promissio
768 1223 827 1290 illa
847 1227 1052 1291 remissionis
1073 1245 1151 1308 pec·
1225 1226 1354 1290 octrina
1382 1222 1486 1311 legis,
1521 1224 1647 1289 Verum
1675 1237 1727 1289 est
1757 1228 1844 1292 enim
1868 1227 1957 1312 qnod
1986 1225 2041 1292 lex
2069 1227 2190 1312 inquit,

172 1327 320 1381 catorum
350 1324 384 1378 et
410 1313 562 1378 insciciae
591 1311 657 1376 lide
683 1312 884 1460 accipiatur,
917 1333 983 1376 non
1013 1321 1151 1396 propter
1201 1308 1332 1397 Diliges
1357 1308 1535 1376 Dominum
1558 1309 1665 1375 Deum
1695 1322 1786 1375 tuum
1809 1325 1872 1378 etc.
1916 1309 2047 1461 Dilipes
2075 1312 2190 1395 proxi·

168 1419 282 1485 opera.
328 1397 423 1464 llaec
444 1409 496 1462 est
520 1416 600 1462 vera
622 1406 655 1460 et
676 1398 761 1482 simp
775 1418 819 1462 ex
840 1408 873 1461 et
895 1418 1055 1482 germana
1076 1415 1151 1461 sen·
1201 1418 1288 1462 mum
1311 1407 1410 1461 tunm.
1455 1393 1601 1461 Dilectio
1623 1396 1795 1481 igiturest
1817 1396 1973 1482 impleoio
2009 1398 2094 1484 egis.

47 1477 55 1490 ‘
169 1488 272 1551 tentia
300 1481 407 1562 Pauli,
441 1486 474 1547 in
503 1503 568 1568 qua
596 1483 739 1546 maxima
768 1480 956 1547 consolatio
983 1483 1049 1567 pijs
1072 1501 1151 1546 con·
1287 1479 1403 1545 Facile
1435 1494 1486 1546 est
1512 1481 1810 1547 autom·iudicium
1837 1482 1963 1547 homini
1992 1481 2189 1548 Christiano

171 1571 322 1652 scientijs
344 1568 519 1654 proposita
541 1579 604 1647 est,
627 1580 660 1632 et
682 1565 866 1632 illustratur
888 1565 996 1652 gloria
1013 1567 1151 1645 Christi,
1202 1568 1420 1652 de‘ivtroque
1452 1566 1570 1646 modo,
1603 1569 1680 1715 poia
1711 1580 1851 1652 vterque
1889 1568 2008 1633 modus
2041 1566 2191 1634 excludit

193 1656 226 1721 ni
254 1665 346 1719 certe
368 1655 499 1720 adhoc
521 1655 664 1718 donatus
687 1666 739 1716 est
767 1655 885 1730 nobis,
906 1664 942 1717 vt
964 1673 1023 1738 per
1043 1655 1152 1737 ipsum
1203 1651 1389 1730 Christum,
1410 1653 1487 1718 ideo
1509 1671 1606 1737 repre
1631 1653 1771 1717 endendi
1795 1665 1882 1718 sunt.
1927 1655 1962 1718 ln
1985 1654 2098 1737 priore
2119 1674 2190 1719 ma·

170 1677 357 1805 habeamus
380 1741 533 1825 gratiam,
555 1740 728 1816 iusticiam,
752 1750 786 1802 et
806 1758 933 1822 pacem.
1202 1734 1325 1802 nisesta
1352 1749 1404 1802 est
1430 1740 1597 1821 impietas,
1619 1740 1675 1823 qui
1697 1741 1808 1816 docet,
1831 1740 1919 1824 quod
1943 1760 2047 1824 opera
2069 1752 2190 1804 nostra

258 1825 428 1890 Hactenus
456 1825 685 1891 recensuimus
713 1825 911 1908 praecipuos
939 1822 1036 1888 locos
1064 1843 1151 1908 qnos
1174 1836 1182 1937 p
1202 1825 1270 1887 sint
1309 1825 1503 1907 propiciatio
1539 1844 1602 1907 pro
1641 1825 1801 1906 peccatis.
1856 1823 2029 1890 Posterior
2068 1826 2189 1892 modus

171 1911 354 1995 aduersarij
389 1923 507 1975 eontra
539 1930 601 1974 nos
635 1910 756 1987 citant,
777 1919 815 1972 vt
836 1910 1032 1986 ostendant,
1062 1908 1152 1994 quod
1174 1942 1178 1982 ι
1202 1905 1304 1973 multa
1330 1907 1434 1974 habet
1461 1910 1681 1975 incommoda.
1730 1909 1806 1975 Non
1835 1911 1936 1975 docet
1963 1912 2010 1975 vti
2038 1909 2189 1989 Christo,

171 1997 257 2063 lides
280 2015 347 2059 non
369 1994 534 2072 iustificat,
555 2007 588 2059 et
609 1996 700 2079 quod
722 2014 905 2059 mereamur
922 1995 1152 2059 remissionem
1173 1989 1180 2049 l
1203 2014 1280 2060 cum
1312 1995 1529 2060 renascimur.
1577 1994 1654 2059 Non
1684 1997 1784 2061 docet
1813 1995 2080 2062 iustificationem
2110 2015 2190 2061 esse

170 2093 383 2168 peccatorum
407 2091 441 2145 et
457 2082 599 2166 gratiam
620 2100 680 2164 per
702 2100 805 2164 opera
826 2093 954 2144 nostra.
985 2080 1054 2145 Sed
1076 2099 1152 2162 spe·
1175 2071 1178 2154 l
1202 2079 1432 2145 remissionem
1461 2091 1690 2164 peccatorum,
1716 2080 1793 2151 Non
1824 2083 1923 2148 docet
1948 2085 2042 2164 prins
2073 2085 2190 2147 remis·

169 2186 284 2231 ramus
311 2185 376 2229 nos
397 2166 464 2252 pijs
487 2165 703 2250 conscientijs
723 2166 808 2229 satis
830 2166 1039 2244 ostendisse,
1062 2163 1152 2250 qnod
1175 2168 1179 2233 Ι
1202 2166 1331 2230 sionem
1363 2177 1576 2248 peccatorum
1616 2169 1832 2252 contingere,
1872 2189 1972 2252 qnam
2006 2165 2189 2253 diligimus,

169 2251 205 2317 hi
235 2250 302 2317 loci
334 2272 401 2317 non
430 2252 650 2316 aduersantnr
678 2263 814 2315 nostrae
835 2252 1030 2322 sententiae,
1062 2249 1152 2335 qnod
1203 2251 1264 2314 sed
1298 2250 1410 2336 lingit,
1441 2252 1532 2335 quod
1555 2249 1728 2317 eliciamus
1756 2263 1868 2318 actum
1891 2252 2098 2333 dilectionis,
2126 2274 2187 2336 per

169 2337 352 2418 aduersari]
375 2333 461 2401 male
482 2337 904 2420 detorqueantscripturas
920 2337 965 2400 ad
987 2354 1068 2400 suas
1085 2334 1153 2419 opi·
1203 2356 1301 2422 quern
1325 2355 1509 2402 mereamur
1529 2336 1757 2402 remissionem
1779 2350 2012 2422 peccatorum,
2034 2359 2101 2404 nec
2129 2340 2187 2405 do·

170 2425 307 2500 niones,
340 2422 430 2507 qnod
461 2419 664 2507 plaerosque
701 2418 799 2485 locos
833 2422 933 2486 citent
965 2431 1152 2497 truncatos,
1203 2431 1257 2486 oet
1289 2419 1354 2485 lide
1382 2423 1415 2485 in
1442 2419 1611 2489 Christum
1643 2422 1778 2488 vincere
1811 2436 1960 2489 terrores
1988 2426 2121 2508 peccati
2155 2436 2188 2490 et

147 2511 262 2596 ‘qnod
285 2507 419 2572 omissis
446 2505 532 2572 locis
556 2504 751 2571 clarissimis
775 2506 924 2583 deiide,
947 2517 1075 2572 tantum
1098 2525 1152 2570 ex·
1201 2507 1329 2573 mortis.
1383 2507 1495 2572 Finit
1527 2507 1679 2575 homines
1707 2509 1843 2592 propria
1874 2507 2072 2594 impleoione
2100 2507 2186 2596 legia

171 2602 322 2678 carpant.
342 2612 385 2656 ex
416 2593 591 2675 scripturis
619 2589 716 2657 locos
744 2593 787 2657 de
816 2594 995 2676 operibns,
1025 2610 1153 2677 eosque
1174 2578 1180 2639 l
1201 2591 1365 2658 accedere
1382 2592 1425 2657 ad
1446 2528 1567 2670 lleum,
1590 2594 1663 2658 sine
1684 2595 1908 2679 propitiatore
1930 2590 2079 2661 Christo.
2112 2596 2192 2661 nm·

171 2683 374 2763 deprenent,
402 2678 492 2763 quod
518 2679 639 2762 vbiqne
668 2675 831 2764 affingant
863 2676 1026 2742 humanas
1052 2696 1151 2762 quas·
1174 2684 1178 2719 ¹
1201 2679 1249 2764 git
1275 2688 1394 2761 postea
1424 2681 1530 2762 ipsam
1551 2676 1781 2763 impleoionem
1803 2677 1903 2765 legis,
1928 2682 2001 2746 sine
2022 2681 2208 2766 propicia·'

171 2768 248 2833 dam
276 2763 467 2847 opiniones,
495 2774 630 2848 praeter
654 2765 689 2828 id
721 2766 811 2849 qnod
837 2765 943 2828 verba
964 2764 1152 2848 scripturas
1202 2774 1276 2828 tore
1304 2761 1456 2841 Christo,
1477 2764 1640 2829 iusticiam
1663 2785 1756 2841 esse,
1777 2767 1909 2850 dignam
1933 2768 2041 2851 gratia
2063 2779 2098 2831 et
2119 2767 2185 2833 vita

171 2853 296 2929 dicunt,
318 2850 408 2934 quod
429 2847 540 2935 legem
562 2849 608 2913 ita
631 2850 790 2928 doceant,
812 2859 848 2913 vt
869 2847 1087 2935 Euangelium
1109 2848 1152 2912 de
1202 2860 1348 2915 aeterna.
1393 2846 1477 2914 Cum
1498 2860 1607 2914 tamen
1631 2851 1686 2915 vix
1706 2848 1883 2917 imbecillis
1900 2861 1935 2916 ct
1955 2855 2080 2940 exigna
2101 2850 2186 2939 legis

170 2935 307 3003 Christo
325 2935 477 3001 obruant.
511 2932 595 3000 Tota
609 2935 694 3000 eninr
708 2933 860 2999 doctrina
870 2935 1151 3010 aduersariorum,
1201 2932 1354 3020 impletio
1378 2937 1550 3021 contingat
1570 2936 1666 3001 etiam
1685 2937 1823 3001 sanctis.
1934 3000 1938 3006 ,

213 3024 288 3087 rtim
311 3032 363 3086 est
390 3041 411 3085 a
439 3021 567 3085 ratione
594 3017 740 3085 hnmana
766 3031 914 3104 sumpta,
946 3020 1066 3103 partim
1099 3027 1153 3084 est
1288 3018 1415 3085 Verum
1441 3020 1546 3106 siquis
1572 3022 1732 3106 cogitabit
1759 3019 1976 3108 Euangeliou
2005 3041 2071 3087 non
2104 3042 2214 3088 asse·

168 3043 322 3174 {dotrina
348 3103 453 3193 legis,
487 3125 555 3171 non
576 3102 771 3191 Euangelij,
802 3104 901 3171 Duos
924 3107 1010 3171 enirn
1032 3104 1151 3169 modos
1201 3101 1327 3169 frustra
1347 3105 1458 3171 datum
1486 3107 1630 3186 mundo,
1659 3105 1828 3174 Christum
1856 3128 1924 3174 non
1955 3128 2033 3175 esse
2056 3107 2184 3183 immtra

168 3193 412 3261 iustificationis
440 3192 591 3268 tradunt,
612 3211 752 3276 qnorum
772 3188 873 3256 alter
881 3203 935 3258 est
955 3202 1108 3274 sumptus
1129 3209 1151 3255 a
1189 3191 1413 3276 'promissum
1444 3189 1637 3270 exhibitum,
1669 3204 1793 3272 natum,
1817 3214 1975 3278 passum,
2007 3197 2184 3265 resuscita·

169 3282 311 3357 ratione,
332 3274 418 3342 alter
437 3298 479 3342 ex
500 3273 589 3360 lege,
609 3296 678 3342 non
705 3296 748 3341 ex
770 3273 969 3365 Euangelio,
990 3295 1051 3342 seu
1072 3294 1151 3360 pro·
1182 3289 1280 3352 .tum,
1311 3272 1468 3351 facillime
1500 3275 1664 3363 intelliget
1697 3298 1779 3357 nos,
1807 3299 1878 3344 non
1906 3299 1949 3344 ex
1970 3281 2103 3346 ratione
2129 3289 2191 3347 aut.

170 3365 330 3431 missione
351 3363 393 3428 de
416 3361 564 3428 Christo.
1200 3361 1279 3449 laga
1306 3362 1489 3428 iustificari.
1542 3363 1615 3427 Nos
1649 3363 1749 3450 igitur
1778 3365 1929 3450 cogimur
1957 3367 1999 3430 de
2028 3364 2184 3431 iustifica-

256 3448 354 3513 Prior
370 3448 489 3513 modus
508 3445 750 3513 iustificationis
769 3456 820 3511 est
837 3447 926 3532 apud
938 3448 1043 3532 ipsos,
1061 3447 1152 3531 quod
1201 3449 1291 3512 tione
1313 3448 1493 3513 dissentire
1520 3449 1563 3513 ab
1585 3450 1801 3535 aduersarijs.
1844 3449 2065 3535 Euangelium
2095 3451 2185 3517 enirn

170 3536 292 3600 docent
325 3534 476 3599 homines
505 3553 567 3618 per
596 3535 684 3598 bona
713 3552 816 3616 opera
848 3534 970 3598 mereri
998 3533 1151 3618 gratiam,
1200 3529 1300 3598 alium
1321 3535 1453 3599 modum
1476 3535 1638 3612 ostendit,
1667 3532 1883 3621 Euangelinm
1905 3536 1996 3622 cogit
2017 3536 2063 3600 vti
2086 3532 2183 3601 Chri⁴
2210 3568 2221 3587 =·

168 3631 237 3686 turn
260 3622 303 3686 tc
320 3639 482 3704 congruo,
504 3630 571 3684 tum
594 3621 636 3684 de
658 3618 836 3703 condigno.
872 3616 936 3683 llic
957 3618 1076 3683 modus
1099 3627 1152 3682 est
1201 3629 1255 3682 sto
1279 3619 1311 3682 in
1334 3618 1585 3697 iustificatione,
1616 3621 1715 3686 docet
1735 3621 1824 3707 qnod
1844 3639 1903 3704 per
1923 3621 2032 3705 ipsum
2055 3619 2184 3687 habea-

170 3708 322 3772 doctrina
350 3706 509 3782 rationis,
538 3704 616 3789 quia
645 3704 730 3770 ratio
751 3723 819 3768 non
840 3704 960 3769 videns
981 3703 1150 3767 immundi·
1201 3722 1276 3767 mus
1303 3722 1477 3769 accessum
1505 3705 1550 3770 nd
1571 3703 1697 3784 Deum,
1728 3705 1927 3790 perfidem,
1959 3706 2062 3772 docet
2095 3707 2186 3792 quod

170 3793 253 3857 ciem
281 3792 410 3862 cordis,
436 3790 537 3855 sentit
564 3809 603 3853 se
625 3791 671 3854 ita
698 3788 835 3873 placare
856 3787 983 3865 Deum,
1012 3789 1042 3851 si
1063 3789 1151 3853 bene
1201 3789 1311 3873 ipsum
1336 3790 1553 3855 mediatorem
1581 3802 1614 3856 et
1640 3794 1897 3876 propiciatorem
1921 3792 2105 3857 debeamus
2127 3812 2184 3876 op-

169 3887 338 3962 operetur,
359 3886 393 3939 et
409 3885 587 3957 propterea
609 3875 750 3940 subinde
771 3872 837 3939 alia
858 3893 979 3958 opera,
1000 3870 1057 3958 alij
1080 3870 1151 3937 cul·
1174 3888 1179 3952 t
1202 3893 1327 3959 ponere
1349 3875 1419 3938 irae
1441 3873 1522 3953 Dei,
1549 3875 1648 3942 docet
1670 3876 1736 3942 fide
1757 3879 1792 3943 in
1815 3874 1983 3959 Christum
2005 3878 2112 3962 accipi
2135 3897 2185 3943 re·

169 3975 224 4029 tus
258 3963 301 4027 ab
334 3958 525 4025 hominibus
557 3960 591 4024 in
623 3961 753 4046 magnis
785 3956 941 4044 perieulis
970 3959 1150 4044 excogitati
1174 3960 1178 4045 Ι
1202 3961 1396 4025 missionem
1434 3971 1668 4047 peccatorum,
1708 3975 1742 4028 et
1784 3961 2109 4041 reconciliationem,
2151 3974 2185 4029 et

168 4061 264 4127 sunt,
298 4048 462 4111 aduersus
498 4058 646 4110 terrores
677 4046 912 4111 conscientiae.
961 4043 1089 4110 Gentes
1116 4053 1151 4110 et
1174 4062 1177 4114 t
1201 4047 1288 4110 vinci
1311 4058 1458 4111 terrores
1480 4048 1611 4132 peccati
1632 4059 1667 4113 et
1688 4049 1814 4113 mortis.
1860 4049 1910 4115 lta
1933 4062 1967 4115 et
1984 4045 2110 4113 Paulus
2127 4048 2181 4132 ait,

76 4185 80 4193 .
168 4131 340 4198 israelitae
376 4141 606 4197 mactauermrt
643 4130 805 4196 humanas
834 4128 981 4208 hostias,
1018 4140 1053 4193 et
1083 4127 1150 4196 alia
1173 4126 1177 4193 i
1200 4131 1369 4197 iusticiam
1402 4152 1575 4198 essenon
1603 4152 1646 4199 ex
1674 4131 1770 4220 lege,
1799 4135 1860 4197 sed
1884 4154 1928 4199 ex
1948 4135 2182 4219 promissione,

168 4218 273 4285 multa
306 4217 482 4283 durissima
514 4237 616 4300 opera
643 4226 881 4302 susceperunt,
913 4227 950 4280 vt
976 4213 1149 4299 placarent
1172 4196 1177 4271 l
1199 4218 1233 4280 in
1259 4237 1326 4301 qna
1347 4218 1497 4301 promisit
1523 4228 1636 4302 pater,
1658 4221 1748 4305 qaod
1772 4216 1852 4284 volit
1872 4222 2070 4306 ignoscere,
2091 4220 2181 4305 qnod

166 4307 248 4372 iram
269 4303 352 4381 Dei,
372 4301 497 4368 Postea
519 4303 694 4388 excogitati
717 4315 795 4367 sunt
816 4299 1037 4368 Monachatus
1060 4313 1094 4366 et
1114 4298 1148 4365 hi
1172 4287 1176 4351 l
1199 4299 1280 4367 velit
1313 4300 1522 4369 reconciliari
1555 4315 1691 4388 propter
1719 4303 1907 4383 Christum,
1945 4304 2038 4371 llaec
2070 4315 2181 4371 autern

168 4402 378 4456 certauerunt
398 4390 485 4453 inter
506 4407 545 4452 sc
566 4389 752 4453 acerbitate
772 4387 1053 4464 obseruationum,
1071 4405 1148 4451 con·
1172 4373 1176 4462 ξ
1223 4389 1376 4453 remissio
1398 4386 1474 4454 sola
1497 4387 1564 4454 lide
1584 4391 1755 4475 aooipitnr,
1778 4402 1814 4455 vt
1836 4400 1977 4455 testatur
1987 4388 2117 4455 Paulus
2137 4390 2180 4458 ad

166 4486 220 4540 tra
241 4486 391 4553 terrores
414 4474 651 4551 conscientiae,
671 4474 891 4538 contrairem
913 4472 988 4537 Dei.
1030 4470 1074 4536 Et
1092 4469 1147 4535 hio
1172 4486 1175 4557 t
1198 4409 1295 4538 hom.
1340 4471 1421 4558 Cap.
1445 4474 1502 4560 iiij.
1547 4475 1640 4540 llaec
1661 4475 1746 4542 iides
1767 4472 1842 4542 sola
1870 4477 1992 4561 accipit
2011 4476 2194 4557 remissio,

166 4561 286 4627 modus
308 4557 570 4638 iustificationis,
597 4559 674 4645 qnia
701 4570 754 4622 est
783 4555 979 4637 rationalis,
1002 4568 1035 4623 et
1056 4567 1147 4622 totus
1172 4575 1175 4632 ε
1198 4579 1273 4624 nem
1300 4570 1533 4643 peecatorum,
1560 4560 1737 4640 iustificat,
1759 4573 1793 4626 et
1814 4581 1852 4627 re
1898 4574 2003 4627 neret.
2046 4559 2181 4627 Deinde

164 4655 323 4712 versatur
351 4648 385 4711 in
415 4644 562 4713 externis
588 4644 762 4729 operibus,
794 4641 932 4730 intelligi
954 4653 1085 4726 potest,
1112 4654 1148 4709 et
1171 4640 1175 4728 ξ
1198 4643 1349 4729 sequitur
1367 4641 1516 4745 dilectio,
1534 4658 1568 4711 et
1589 4649 1716 4712 caeteri
1745 4649 1823 4714 boni
1866 4658 1992 4720 ructus.
2037 4647 2097 4712 Sic
2117 4647 2180 4735 igi·

165 4742 333 4816 atcunque
353 4732 529 4817 praestari.
573 4729 616 4794 Et
635 4731 681 4796 ad
702 4728 793 4795 hunc
810 4727 1014 4795 Canonistae
1036 4729 1146 4795 detor·
1170 4753 1174 4853 p
1197 4742 1251 4797 tnr
1272 4730 1433 4795 docemus
1454 4730 1617 4797 hominem
1639 4732 1822 4813 iustificari,
1845 4745 1880 4799 vt
1900 4752 2004 4816 snpra
2022 4733 2181 4815 diximus,

164 4829 282 4887 serunt
304 4819 530 4884 ordinationes
547 4813 820 4894 Ecclesiasticus,
841 4813 930 4881 male
945 4813 1146 4913 intellectps,
1197 4836 1271 4880 curn
1300 4817 1505 4882 conscientia
1531 4819 1644 4882 territa
1671 4820 1919 4904 praedicatione
1942 4819 2178 4902 poenitentiae,

165 4923 252 4992 qnae
276 4902 306 4967 'a
337 4905 487 4987 patribus
520 4900 623 4989 longe
649 4899 716 4967 alio
753 4897 895 4968 consilio
922 4897 1031 4966 iactae
1055 4910 1146 4979 sunt,
1196 4900 1333 4987 erigitur
1363 4914 1396 4966 et
1423 4903 1530 4968 credit
1556 4922 1596 4968 se
1624 4904 1751 4970 habere
1772 4903 1881 4970 Deum
1909 4901 2077 4987 placatum
2099 4926 2180 4990 pro·

163 5009 285 5074 nempe
316 5008 384 5053 non
416 4999 537 5073 viper
563 5008 669 5071 opera
698 4983 757 5053 illa
788 5005 1022 5074 quaereremus
1053 4985 1146 5051 insti·
1195 4997 1269 5070 pter
1295 4985 1473 5053 Christum.
1518 4986 1612 5053 llaec
1641 4989 1726 5055 fides
1753 4990 1932 5072 imputatur
1953 5009 2015 5073 pro
2040 4990 2180 5058 iusticie

163 5077 262 5156 ciam,
286 5074 348 5140 sed
379 5075 527 5160 rtordo
555 5075 687 5159 qnidam
732 5086 856 5159 ropter
873 5067 1144 5158 tranquillitatem
1195 5091 1308 5138 ooram
1337 5070 1432 5152 Deo,
1464 5071 1582 5139 Roma.
1609 5074 1665 5138 iii'.
1708 5072 1753 5139 Et
1779 5095 1855 5139 cnm
1881 5073 1949 5138 hoc
1981 5076 2083 5140 modo
2116 5095 2180 5142 σοι·

163 5159 332 5251 hominnm
346 5217 349 5220 .
364 5159 450 5225 inter
481 5177 539 5237 se,
571 5161 605 5224 in
636 5158 686 5224 lio
720 5161 792 5225 asia
822 5167 923 5226 esset
973 5157 1027 5223 Ad
1054 5154 1145 5223 huno
1194 5158 1332 5244 erigitur
1364 5169 1397 5224 et
1423 5157 1608 5226 virificatnr
1633 5095 1719 5239 hdo,
1746 5160 1939 5245 concipite
2036 5181 2069 5225 m
2097 5179 2180 5227 san·

163 5248 298 5315 modian
321 5248 535 5323 detorserunt
555 5254 590 5311 et
609 5256 822 5330 mmamenta
842 5240 1143 5331 mmmeqnehlis·
1194 5253 1298 5326 otum,
1319 5244 1377 5330 qul
1403 5255 1545 5312 renouat
1563 5263 1646 5324 nos,
1667 5255 1705 5311 vt
1723 5244 1837 5332 legem
1856 5242 1892 5312 ia
1984 5246 2179 5332 passimam
