4702 6030
163 352 233 435 183
609 348 727 419 Plith.
748 350 855 419 himo
876 349 1066 421 settim
1085 350 1358 421 coenatica
1376 349 1435 419 ΕΤ
1456 349 1735 421 ΒΥΜΒΟΒΙΟΔ.
2003 400 2009 410 -
2116 353 2186 424 561

193 586 205 597 -
254 542 323 610 Sed
345 540 505 624 abijciunt
517 539 716 626 aduersarii,
736 541 916 609 vindictam
926 561 989 610 sen
1004 562 1148 629 poenam
1200 560 1277 607 earn
1306 548 1392 605 orat.
1435 537 1580 607 Domine
1605 560 1649 605 ne
1679 536 1852 607 inforare
1883 550 1943 608 tuo
1969 561 2095 628 arguas
2118 563 2186 610 ma

165 629 396 697 necessariam
418 645 496 691 esse
511 626 554 691 ad
572 626 825 712 poenitenciam,
847 630 925 714 qaia
934 629 1149 716 Augustinus
1199 624 1243 691 Et
1263 625 1419 691 ieremias
1441 625 1524 708 Cap.
1550 649 1585 692 x.
1607 624 1748 712 Corripe
1774 646 1828 692 me
1854 623 2011 694 Domine.
2055 625 2188 695 Verun-

166 717 224 783 ait
271 713 519 779 Poeniteaciam
551 731 631 777 esse
653 713 831 779 vindictam
859 716 1048 800 punientem
1082 726 1148 779 etc.
1200 722 1311 777 mmen
1331 713 1366 776 iu
1387 711 1521 790 indicio,
1544 732 1611 779 non
1634 714 1667 778 in
1688 711 1817 792 furore,
1840 733 1884 778 ne
1905 715 1948 778 ad
1972 710 2110 779 nihilum
2132 735 2186 781 re-

172 799 450 883 tttconeeetnos
466 798 646 864 vindictam
662 817 875 882 seupoenam
890 802 923 864 in
940 801 1149 884 poenitencia
1200 799 1297 883 digas
1319 816 1383 861 me.
1415 796 1479 863 llic
1495 816 1580 862 sane
1600 798 1642 863 de
1652 801 1881 864 acerbissimis
1891 801 2014 886 poenis
2025 799 2186 885 loquitar.

168 888 395 955 necessariam
416 903 510 962 esse,
537 905 606 949 non
634 895 791 970 tanquam
816 888 966 951 meritum
987 906 1049 952 seu
1074 906 1148 972 pre
1201 884 1244 949 Et
1271 881 1417 950 fatentur
1445 883 1631 968 aduersarij
1660 886 1898 950 contricionem
1926 905 2031 971 posse
2059 897 2186 952 tantam

169 974 259 1043 eiam
287 974 376 1038 siem
406 971 591 1055 aduersarij
623 969 754 1057 fingunt
786 969 1055 1053 satisfactiones,
1087 972 1149 1040 sed
1200 989 1296 1049 asse,
1322 981 1359 1034 vt
1385 989 1454 1034 non
1480 971 1670 1054 requiratur
1691 968 1893 1037 satisfactio.
1941 972 2061 1038 Verius
2086 974 2187 1058 igitur

167 1060 316 1127 vindicta
336 1055 520 1122 formaliter
542 1057 645 1121 estin
663 1057 881 1140 poenitencia,
903 1057 970 1125 hoc
987 1070 1050 1139 est,
1072 1060 1150 1144 qula
1201 1056 1363 1121 contricio
1393 1074 1502 1139 poena
1531 1065 1600 1134 est,
1632 1077 1730 1141 quam
1760 1056 1959 1123 satisfactio.
2004 1058 2187 1124 Praeterea

169 1148 245 1230 ipsa
266 1144 475 1230 regeneratio
497 1140 534 1206 fit
557 1157 717 1227 perpetua
735 1143 988 1211 mortificatione
1005 1155 1151 1211 vetusta·
1201 1143 1343 1206 subiecti
1366 1152 1446 1205 sunt
1466 1143 1695 1206 sanoti'morti
1719 1154 1754 1207 et
1775 1146 1930 1209 omnibus
1952 1146 2186 1210 communibus

171 1234 226 1299 tis.
240 1234 286 1305 ⁶²)
319 1231 371 1297 Sit
392 1249 475 1294 sane
497 1227 584 1293 belle
606 1230 730 1294 dictum
751 1250 772 1292 a
790 1230 894 1296 Scoto
915 1233 1150 1314 poenitentiam
1201 1227 1457 1304 afflictionibus,
1487 1227 1574 1292 sicut
1607 1229 1654 1293 ait
1675 1227 1795 1294 Petrus
1821 1232 1848 1293 Ι.
1883 1229 1974 1295 Petri
1996 1252 2053 1317 mJ.
2098 1227 2187 1302 Quia

169 1315 335 1401 appellari
362 1316 459 1402 quasi
485 1334 614 1399 poenae
644 1315 839 1387 tenentiam,
864 1320 909 1391 ⁶⁸)
921 1316 990 1382 Sed
1018 1319 1061 1383 de
1086 1336 1151 1402 qua
1201 1324 1331 1398 tempus
1353 1324 1404 1378 est
1425 1313 1574 1396 incipere
1595 1313 1749 1380 iudicium
1775 1336 1798 1380 a
1824 1316 1925 1381 domo
1946 1313 2023 1380 Dei.
2068 1313 2106 1380 Si
2127 1336 2187 1382 au·

169 1423 294 1489 pena,
321 1402 365 1468 de
387 1421 452 1487 qua
475 1401 620 1466 vindicta
641 1399 790 1486 loquitur
810 1400 1038 1488 Augustinus,
1059 1414 1152 1468 certe
1201 1410 1267 1464 tem
1289 1399 1430 1482 primurn
1451 1417 1473 1462 a
1494 1400 1612 1477 nobis,
1645 1397 1754 1485 qualis
1777 1403 1840 1466 erit
1866 1400 1943 1466 linis
1962 1404 2106 1466 istorum
2127 1403 2187 1486 qul

172 1492 215 1556 de
235 1508 317 1554 vera
339 1506 466 1572 poena,
493 1488 535 1552 de
557 1506 639 1551 vera
665 1487 828 1566 vindicta,
855 1487 986 1554 scilicet
1005 1490 1050 1554 de
1072 1508 1152 1554 con·
1201 1503 1270 1549 non
1309 1485 1451 1550 credunt
1484 1483 1679 1570 Euangelio.
1730 1485 1772 1550 Et
1811 1498 1848 1551 vt
1884 1487 1949 1553 hae
1976 1485 2187 1557 afflictiones

169 1575 315 1652 tritione,
337 1575 378 1639 de
401 1573 489 1639 veris
511 1573 707 1638 terroribus.
739 1573 857 1659 Neque
873 1572 929 1641 bic
945 1572 1151 1640 excludimus
1202 1567 1419 1719 qlaerumrue
1440 1569 1507 1633 sint
1528 1591 1660 1671 poenae
1681 1583 1909 1675 peccatorum,
1931 1585 2043 1639 tamen
2065 1574 2099 1638 in
2120 1573 2187 1660 pijs

170 1659 444 1727 mortificationes
472 1669 628 1723 externas
656 1660 826 1741 corporis,
855 1680 942 1746 quaa
967 1670 1152 1746 sequuntur
1226 1657 1328 1721 abent
1349 1616 1450 1721 sitnm
1471 1653 1570 1720 linem
1593 1671 1767 1741 potiorem,
1789 1655 1931 1738 scilicet,
1954 1672 1990 1725 vt
2008 1670 2188 1724 exerceant

171 1765 272 1814 veros
293 1745 393 1809 animi
414 1741 618 1824 dolores.⁶⁸)
660 1742 833 1830 Longeii)
861 1758 976 1811 errant
996 1748 1151 1812 aduersa
1202 1760 1273 1814 eos,
1296 1753 1333 1807 vt
1353 1742 1440 1806 inter
1460 1743 1669 1807 tentnoiooes
1690 1745 1822 1809 discant
1842 1763 2005 1828 quaerere
2026 1743 2187 1809 auxilium

171 1830 1151 1989 diuinitatis.antististite
1201 1824 1290 1978 {iili
1312 1837 1503 1979 atati
1525 1825 1749 2000 illinit
1778 1831 1928 1980 “ttllt't
1956 1850 2101 1981 iiiii
2120 1842 2187 2000 ilii

168 2004 287 2068 dmum
314 1963 375 2066 est,
393 1937 515 2066 nioman
545 2020 676 2085 poenae
708 2003 911 2089 detorquere
941 2004 985 2068 ad
1016 2002 1150 2080 illasii)
1202 2000 1236 2065 ln
1257 1999 1357 2064 nobis
1379 1999 1585 2064 sentenciam
1605 2001 1723 2065 mortis
1749 2001 1945 2082 habuimus,
1974 2021 2018 2067 ne
2039 2002 2188 2067 conlide-

167 2085 307 2175 frigidas
330 2084 590 2167 satisfactiones,
613 2107 681 2153 non
702 2086 831 2155 referre
851 2092 895 2156 ad
912 2087 989 2155 illos
1009 2090 1151 2156 horribi-
1201 2105 1313 2150 remus
1334 2086 1432 2150 nobis
1454 2085 1463 2148 i
1489 2085 1556 2164 sis,
1579 2086 1640 2151 sed
1662 2085 1738 2151 ileo
1761 2089 1918 2153 excitanti
1941 2101 2102 2154 mortuos.
2147 2087 2190 2153 at

166 2172 220 2239 ies
253 2185 401 2239 terrores
434 2175 677 2252 conscientiae,
717 2174 759 2239 de
792 2177 914 2260 quibus
951 2177 997 2240 eit
1028 2174 1148 2241 Dauid.
1200 2169 1321 2236 Esaias
1351 2172 1416 2274 ait·
1494 2172 1630 2256 ngumia
1663 2174 1696 2236 in
1717 2193 1791 2324 qua
1818 2171 1981 2255 clamant,
2012 2173 2188 2278 disciplina

168 2258 465 2327 Circumdederunt
494 2280 547 2325 me
569 2256 703 2325 dolores
725 2263 843 2327 mortis
865 2272 929 2327 etc.
974 2259 1056 2335 Quis
1081 2281 1150 2326 non
1201 2267 1258 2323 tua
1279 2266 1334 2320 est
1354 2257 1455 2340 ipsis,
1485 2253 1552 2321 hoc
1572 2266 1646 2337 est,
1672 2257 1717 2322 At
1746 2260 1885 2325 lotiones
1907 2271 1988 2324 sunt
2008 2258 2188 2344 disciplina

167 2344 259 2411 malit
286 2342 446 2410 loricatus
479 2356 513 2409 et
540 2344 777 2428 cataphractus
804 2366 967 2431 quaerere
993 2345 1150 2434 tempium
1201 2363 1270 2428 qua
1290 2340 1385 2407 Deus
1407 2346 1541 2407 exercet
1562 2354 1711 2410 sanctos.
1745 2345 1839 2410 item.
1871 2343 2088 2412 Aiilictiones
2110 2366 2188 2430 pro·

168 2429 300 2509 iacobi,
321 2427 502 2497 Basilicam
526 2429 632 2502 Petri,
655 2435 778 2511 sicii)
809 2437 963 2517 quam⁶⁷)
984 2438 1151 2499 sustinere
1200 2439 1276 2514 pter
1295 2446 1460 2513 praesens
1481 2439 1653 2511 peccatum
1675 2429 1878 2516 infiguntur,
1900 2435 1980 2516 quia
1999 2433 2033 2497 in
2055 2433 2186 2496 sanctis

167 2513 259 2581 illam
286 2515 486 2581 ineffabilem
513 2518 579 2582 vim
608 2514 755 2597 doloris,
788 2537 875 2602 quae
908 2531 962 2584 est
988 2521 1086 2585 etiam
1114 2519 1149 2584 in
1200 2514 1402 2579 mortilicant
1422 2526 1457 2578 et
1474 2515 1670 2600 extinguunt
1687 2519 2007 2601 concupiscentiam,
2027 2528 2066 2583 rt
2088 2533 2212 2582 retro-¹

167 2602 404 2681 mediocribus,
426 2602 455 2665 si
478 2603 523 2667 sit
544 2621 625 2668 vera
646 2604 867 2686 poenitencia.
1200 2600 1272 2665 uari
1300 2600 1420 2684 spiritu
1448 2601 1597 2683 possint,
1630 2603 1720 2667 sicin
1747 2603 1793 2667 ait
1816 2599 1941 2668 Paulus
1968 2601 2088 2668 Roma.
2116 2603 2187 2690 iiij.

254 2703 301 2768 At
321 2703 481 2789 inquiunt,
504 2707 662 2770 conuenit
678 2706 828 2772 iusticias
848 2704 914 2775 Dei
934 2707 1052 2794 punire
1072 2725 1151 2792 pec·
1201 2684 1335 2789 G⁰VR¹¹³
1367 2699 1532 2751 ¹¹¹⁰f¹¹¹¹¹¹¹¹
1569 2698 1624 2752 0⁸t
1655 2699 1793 2772 l¹¹'⁰l'ter
1823 2701 2017 2772 Nimium,
2055 2689 2090 2754 id
2124 2699 2188 2760 ⁸⁸²»

169 2798 292 2854 catum.
325 2787 424 2855 Certe
444 2791 537 2874 punit
558 2790 592 2855 in
609 2793 821 2871 contritione,
844 2813 918 2859 cnm
939 2795 973 2859 in
994 2791 1062 2859 iliis
1083 2805 1150 2859 ter·
1201 2769 1419 2875 Piffllfiffliuf
1439 2782 1577 2857 Ps⁰lii0¹⁸
1597 2792 1760 2856 Nimimii
1778 2785 1950 2858 peccatum
1968 2775 2059 2860 quod
2075 2774 2188 2841 ⁸th

167 2878 303 2942 ruribus
323 2875 407 2941 iram
428 2895 524 2943 suam
546 2878 702 2944 ostendit.
739 2877 832 2946 Sicut
852 2880 1019 2968 significat
1039 2877 1151 2947 Dauid
1201 2876 1236 2922 ¹¹¹
1258 2877 1360 2923 ΨΜ
1381 2855 1545 2942 ¹⁰¹iil¹¹¹¹¹¹¹
1567 2869 1631 2924 ⁰⁵&
1663 2859 1707 2924 Ei
1727 2880 1819 2926 ΜΒ
1840 2861 1915 2945 ¹9⁸⁸
1931 2861 2093 2926 mind
2109 2861 2189 2941 Μῦν

1201 2954 1240 3009 vt
1258 2940 1395 3009 aboleat
1420 2942 1507 3009 hano
1536 2963 1674 3010 carnem
1698 2947 1846 3031 peccati,
1880 2958 1916 3012 vt
1937 2965 2079 3033 prorsus
2106 2948 2189 3013 noni

1201 3048 1429 3115 resurgamus.
1472 3028 1591 3115 Neque
1620 3032 1684 3096 iam
1710 3033 1745 3097 in
1771 3042 1880 3097 morte
1901 3033 2068 3099 credentis
2092 3044 2188 3117 post·

168 3202 217 3272 at)
235 3203 410 3257 concedimus
428 3203 571 3255 vindictata
588 3216 635 3254 sen
651 3218 763 3270 poenam
779 3232 814 3247 -·
830 3233 863 3246 -
882 3231 916 3247 -
934 3214 1060 3274 metus
1080 3222 1151 3260 mor·

239 3273 381 3324 tilicatione
398 3271 558 3339 vetustatis]
578 3272 661 3323 liditt.
678 3275 768 3327 ΗΛ
786 3275 861 3328 Sicut
877 3277 939 3329 alibi
950 3279 1052 3343 quoties
1070 3291 1152 3344 opera

237 3343 444 3406 praecipiuntur,
468 3343 671 3407 interpretantur
694 3357 726 3393 ea
747 3344 889 3411 aduersarij
914 3346 1106 3398 aadsfactiones
1125 3353 1152 3396 et

238 3411 443 3475 propiciationes
461 3426 530 3472 esse,
554 3412 593 3460 ita
615 3409 659 3461 bic
681 3413 743 3479 quia
759 3413 789 3461 iit
806 3429 907 3479 poenae
924 3419 1036 3479 mentio,
1062 3416 1149 3466 detor-

238 3487 320 3542 quent
345 3493 401 3530 eam
426 3480 461 3530 ad
487 3480 707 3545 satisfactionem,
734 3483 896 3546 Augustinus
918 3500 972 3535 non
995 3485 1045 3535 hoc
1069 3486 1152 3535 sensit

239 3549 357 3599 dolorem
372 3549 400 3598 in
418 3549 587 3614 poenitentia,
605 3551 723 3613 predum
740 3566 797 3602 esse
814 3555 1008 3621 propterquod
1026 3555 1152 3604 debeatur

238 3618 358 3667 remissio
387 3627 567 3682 peccatorum,
593 3617 701 3671 Sciebat
726 3622 794 3670 enim
815 3625 897 3684 gratis
923 3623 1020 3673 remitti
1043 3630 1152 3688 peccata

237 3694 344 3752 propter
361 3684 507 3750 Christum,
531 3684 638 3738 Sciebat
660 3686 757 3739 Christi
783 3698 892 3742 mortem
916 3692 1072 3742 saendoium
1095 3705 1151 3740 esse

237 3769 287 3819 pro
306 3758 418 3820 peccatis
436 3758 541 3806 nostris.
578 3755 712 3821 Quidquid
731 3759 826 3821 igitur,
846 3759 879 3809 de
896 3760 1020 3823 uindicta,
1038 3762 1071 3810 dc
1087 3773 1151 3824 poe·

236 3825 277 3874 nis
295 3826 399 3886 citatur,
417 3840 520 3890 semper
536 3826 575 3874 ita
592 3825 676 3889 accipi
695 3825 787 3889 debet,
804 3841 839 3876 ne
856 3830 996 3892 gratuitam
1019 3830 1150 3880 remissio·

236 3908 296 3944 nem
321 3904 487 3958 peccatorum
512 3900 626 3955 euadat,
649 3908 684 3943 ne
708 3895 831 3946 obscuret
848 3900 968 3948 meritum
986 3898 1100 3960 Christi,
1124 3905 1151 3947 et

237 3962 351 4012 abducat
375 3962 494 4013 homines
520 3976 537 4011 a
563 3962 659 4012 fiducia
685 3962 798 4028 christi,
825 3966 859 4016 ad
886 3967 1009 4017 fiduciam
1031 3981 1148 4033 operum.

239 4030 376 4081 Caeterum
403 4032 545 4081 uindictam
572 4032 737 4082 concedimus
765 4047 822 4084 csse
845 4037 872 4084 in
893 4039 1055 4101 poenitentia
1061 4073 1070 4100 ,
1096 4050 1150 4087 nen

238 4108 268 4148 nt
284 4102 408 4166 precium,
426 4101 473 4149 sed
489 4101 607 4151 uindicta
622 4100 767 4151 formaliter
784 4110 823 4152 est
839 4105 866 4153 in
884 4107 1064 4169 poenitentis,
1087 4107 1151 4172 quia

237 4171 296 4234 ipsa
320 4171 485 4232 regeneratio
510 4168 540 4219 ft
565 4176 690 4234 perpetua
712 4171 915 4223 mortificatione
943 4176 1080 4225 uetustatis
1102 4189 1150 4224 no-

237 4248 316 4289 strae.
343 4237 410 4289 Sunt
428 4247 551 4299 terrores,
570 4246 631 4288 eunt
648 4248 673 4289 et
690 4241 736 4305 aiij
754 4248 839 4291 motus
856 4245 901 4306 qni
912 4250 1020 4308 peccate
1033 4246 1150 4295 irascun-

238 4315 289 4371 tur,
308 4308 355 4358 sed
372 4307 412 4356 hia
430 4323 484 4357 non
502 4308 611 4358 debetur
628 4310 755 4360 remissio.
789 4310 845 4361 Irno
864 4313 887 4363 si
909 4310 974 4363 tides
997 4327 1053 4364 non
1074 4328 1150 4365 acce·

238 4376 320 4439 deret,
338 4376 366 4427 hi
384 4377 490 4426 dolores
507 4375 631 4426 afferrent
646 4385 755 4427 mortem
773 4386 916 4431 aetemam.

168 4459 217 4528 ea)
235 4459 289 4511 Sed
308 4463 341 4511 da
359 4475 411 4529 qua
428 4476 514 4527 poena
531 4488 608 4500 --
626 4478 703 4512 veros
720 4465 799 4514 animi
817 4464 942 4532 dolores]
956 4465 1038 4519 Editt.
1057 4467 1149 4519 a-t.=

238 4531 316 4580 modo
335 4538 363 4580 ut
382 4545 467 4595 poena
484 4545 538 4580 non
556 4531 720 4595 intelligatur
738 4547 795 4582 esse
813 4536 941 4598 precium,
962 4551 1009 4600 pro
1034 4551 1086 4600 qno
1104 4537 1149 4585 da·

238 4598 329 4647 beatur
350 4601 477 4650 remissio.
516 4600 552 4649 Iit
577 4599 740 4664 Augustinus
769 4617 823 4654 non
852 4604 966 4669 loquitur
992 4606 1025 4654 de
1050 4606 1150 4670 poenis,

238 4681 302 4732 quas
327 4670 464 4718 remittunt
489 4669 593 4730 claues,
619 4684 701 4734 quare
726 4684 780 4719 non
805 4679 876 4722 recte
903 4674 1073 4740 detorquetur
1098 4674 1150 4724 hoc

240 4736 339 4785 dictum
357 4738 390 4787 ad
408 4738 610 4788 satisfactiones.
643 4738 687 4790 De
704 4738 773 4788 ueris
789 4743 895 4804 poenis,
913 4743 965 4793 boc
984 4751 1031 4806 est,
1048 4744 1082 4793 de
1099 4751 1150 4793 ter·

236 4806 479 4865 santonensem
503 4809 584 4858 animi
608 4807 742 4857 doloribus
765 4809 896 4873 loquitur,
917 4812 961 4876 qui
984 4813 1100 4862 existunt
1121 4814 1151 4863 in

237 4875 411 4940 poenitentia.
438 4875 531 4941 Neque
549 4884 636 4926 tamen
651 4877 813 4928 excludimus
831 4888 965 4931 externam
975 4883 1059 4932 carnis
1070 4896 1151 4934 nexa

238 4944 347 5005 tionem,
364 4942 428 4993 haec
446 4946 517 4995 onim
533 4960 612 4996 ueros
630 4948 709 4999 animi
728 4947 834 4999 dolores
851 4949 920 5001 ultro
938 4951 1063 5017 sequitur.

169 5029 217 5095 et)
235 5027 341 5095 Longe]
361 5028 444 5079 Editt.
461 5031 553 5080 i-tn
571 5033 612 5082 Ae
628 5033 709 5097 longe

168 5115 217 5184 db)
234 5114 305 5182 illae]
322 5116 406 5166 Editt.
427 5116 517 5166 a-4.=
536 5115 584 5167 bas

169 5200 218 5268 dd)
236 5199 297 5271 etc]
313 5204 341 5251 ia
358 5202 439 5253 Edita
459 5202 536 5251 a-t.
554 5200 629 5254 deest.

169 5286 217 5353 di)
234 5286 325 5356 quam]
341 5286 437 5366 lida
460 5294 513 5358 tpp.
531 5304 598 5342 amr
613 5302 692 5357 pm

1203 3114 1382 3200 quamlidc
1403 3127 1552 3182 terrores
1573 3118 1689 3181 mortis
1711 3118 1804 3196 vicit,
1825 3115 1883 3183 ille
1902 3115 2044 3184 aculeus
2065 3129 2131 3197 est,
2154 3128 2190 3185 et

1202 3219 1327 3267 senem
1348 3202 1434 3281 hae,
1455 3201 1499 3266 de
1520 3223 1587 3287 quo
1610 3203 1690 3268 dicit
1711 3201 1849 3270 Paulus.
1892 3201 2047 3271 Aculeus
2067 3206 2186 3271 mortis

1201 3297 1376 3372 peccatum
1398 3297 1463 3368 ast,
1484 3286 1647 3353 Potencia
1668 3309 1751 3354 vero
1770 3291 1913 3375 peccati,
1935 3288 2005 3356 lex.
2048 3287 2109 3355 llla
2129 3311 2189 3377 po·

1201 3374 1313 3439 tancia
1342 3373 1492 3458 peccati,
1523 3371 1581 3438 ille
1613 3393 1737 3440 sensus
1768 3377 1857 3454 irae,
1889 3396 1972 3442 rere
1998 3386 2052 3441 est
2076 3396 2188 3461 poena

1203 3460 1312 3525 donec
1327 3460 1437 3540 adest,
1458 3479 1550 3525 mors
1567 3460 1641 3525 sine
1659 3459 1718 3526 illo
1736 3480 1840 3526 sensu
1858 3462 1941 3540 irae,
1963 3463 2097 3547 proprie
2114 3482 2185 3527 nnn

1202 3557 1256 3611 est
1286 3563 1408 3629 poena.
1456 3545 1564 3610 Porro
1604 3544 1853 3613 satisfactiones
1887 3548 2076 3614 Canonicne
2112 3567 2184 3613 nnn

1201 3632 1369 3715 pertinent
1394 3631 1439 3695 ad
1466 3630 1530 3697 has
1556 3651 1701 3716 poenas,
1734 3635 1813 3719 quia
1841 3632 2022 3718 aduersari]
2056 3632 2187 3713 dicunt,

1247 3727 1368 3781 testate
1391 3714 1532 3782 clauinm
1544 3720 1663 3783 remitti
1681 3718 1826 3806 aliquam
1843 3732 2186 3806 partempneoorum.

1216 3813 1281 3867 tem
1310 3799 1428 3867 claues
1460 3803 1553 3867 iuxta
1580 3805 1675 3888 ipsos
1709 3805 1903 3871 condonant
1933 3802 2186 3893 satisfactiones

1202 3897 1236 3953 et
1255 3906 1402 3971 poenas,
1438 3908 1577 3974 quarum
1604 3907 1709 3955 causa
1728 3891 1812 3956 liunt
1832 3888 2097 3959 satisfactiones.
2139 3890 2186 3956 Aa

1202 3986 1335 4039 constat
1354 3970 1432 4038 ilias
1454 3971 1656 4041 afflictiones
1679 3996 1871 4042 communes
1900 3998 1970 4044 non
1991 3974 2065 4042 tolli
2092 3988 2185 4060 pote·

1201 4069 1289 4126 state
1312 4056 1465 4127 clauium.
1504 4060 1549 4127 Et
1568 4063 1599 4126 si
1621 4062 1663 4136 de
1684 4062 1738 4128 his
1755 4065 1873 4147 poenis
1891 4061 2011 4131 volunt
2035 4060 2187 4147 intelligi,

1223 4166 1305 4211 uara
1332 4146 1459 4212 addunt
1491 4148 1580 4235 quod
1612 4148 1647 4213 iu
1679 4151 1872 4236 purgatorio
1906 4159 2061 4236 oporteat
2088 4150 2186 4241 sotis·¹

1235 4250 1324 4298 cere.

1273 4504 1335 4572 [Hic
1351 4505 1428 4567 brut,
1446 4507 1490 4573 qai
1505 4522 1583 4573 supro
1595 4524 1624 4576 p.
1643 4507 1704 4561 56³.
1729 4508 1773 4560 iia.
1798 4507 1840 4559 ad.
1864 4507 1964 4559 ceditur
1986 4525 2005 4560 a
2025 4496 2122 4561 setta
2146 4509 2188 4559 At

1203 4575 1332 4639 inquiunt,
1351 4577 1479 4626 conuenit
1492 4577 1609 4628 tmnciae
1624 4578 1690 4638 Dei,
1716 4585 1740 4630 et
1757 4577 1798 4630 bic
1813 4577 1905 4645 seritur
1921 4575 2018 4630 sabia:
2039 4581 2066 4630 in
2090 4592 2185 4644 purga·

1203 4645 1272 4694 torio
1291 4652 1413 4710 oporteat
1428 4645 1589 4698 radsfacare.
1607 4648 1636 4697 a'n
1650 4645 1733 4699 Editt.
1753 4650 1831 4700 t-t.
1849 4649 1886 4698 eie
1902 4654 2058 4701 retractatas
2075 4655 2125 4700 asts

1269 4814 1309 4864 At
1324 4816 1455 4880 inquiunt,
1473 4818 1599 4869 conuenit
1615 4818 1734 4868 iusticias
1756 4816 1809 4868 Dei
1831 4819 1925 4885 punire
1946 4824 2092 4884 peecatum.
2126 4816 2185 4869 Pri·

1201 4897 1271 4933 mnm
1298 4887 1368 4949 quod
1396 4886 1542 4950 disputant,
1567 4888 1638 4953 quod
1667 4888 1807 4938 conueniat
1829 4890 1921 4951 punire
1945 4896 2096 4953 peccatum,
2119 4888 2187 4936 satis

1203 4953 1344 5004 ostendunt
1371 4969 1400 5006 se
1426 4962 1592 5006 contemnere
1621 4956 1719 5009 Christi
1748 4957 1912 5008 beneficium.
1946 4956 2090 5007 Constitmt
2110 4955 2187 5006 Deua

1201 5023 1318 5087 precium
1334 5038 1382 5088 pro
1399 5026 1497 5075 nostris
1515 5026 1643 5090 peccatis,
1666 5040 1719 5076 non
1743 5033 1847 5076 nostm
1864 5039 1977 5091 poenas,
1999 5040 2053 5076 nou
2077 5035 2186 5076 nostras

1201 5089 1406 5155 satisfactiones,
1423 5093 1471 5142 sed
1492 5101 1601 5144 mortem
1624 5095 1670 5161 iilij
1694 5095 1743 5143 sni.
1780 5093 1855 5154 Quae
1878 5095 1984 5145 tandem
2005 5096 2110 5146 insania
2134 5102 2186 5157 est,

1200 5159 1330 5225 praeferre
1347 5169 1451 5212 nostras
1468 5162 1671 5224 satisfactiones,
1688 5163 1862 5215 satisfactioni
1880 5163 1998 5216 Christi?
2030 5161 2139 5214 Deinde
2156 5170 2188 5213 ut

1200 5230 1313 5279 maxime
1329 5231 1421 5295 puniat
1437 5231 1523 5293 Dens,
1540 5239 1627 5282 tamen
1645 5234 1813 5283 senciendum
1831 5240 1870 5283 est
1886 5234 2066 5284 remissionem
2091 5246 2185 5297 pacca-

1201 5305 1289 5350 torum
1303 5312 1359 5351 non
1376 5300 1466 5352 deberi
1481 5309 1589 5368 propter
1605 5302 1677 5354 iiiarn
1692 5317 1821 5369 posnam,
1839 5309 1865 5354 et
1880 5302 2034 5355 nomimis
2050 5300 2187 5355 albatam
