4702 6030
162 354 229 421 42⁷
380 448 384 453 Ι
613 349 726 418 Ptin..
747 348 852 418 nim.
872 349 1061 419 SCRIPTA
1080 345 1353 419 nonnanes
1374 346 1432 415 ΕΤ
1453 345 1726 416 ΒΥΜΒΟΗΟΑ,
1769 337 1771 341 ’
1880 411 1882 416 ,
2110 348 2180 417 498

163 540 231 608 hoc
252 550 317 618 est,
338 557 474 604 manere
490 550 684 643 peccatum,
698 541 832 604 tametsi
859 558 928 604 nou
956 540 1141 624 imputetur.
1193 536 1448 622 prehendimus,
1483 537 1545 601 sed
1578 556 1645 603 non
1667 549 1762 602 recte
1791 536 2010 621 detorquetur
2042 538 2086 602 ed
2119 557 2181 603 ex·

164 627 208 693 Et
240 625 326 691 haec
353 637 525 690 sentencie
553 626 638 690 adeo
670 620 796 707 placuit
821 626 1076 710 posterioribus,
1091 628 1143 700 ¹⁶)
1194 623 1397 688 renuendum
1417 633 1594 707 peccatum
1616 624 1775 708 originis,
1803 621 1847 686 Et
1868 631 1978 687 tamen
2005 623 2072 687 hee
2100 643 2181 689 sen·

164 724 203 779 vt
225 712 365 778 recitata
386 713 431 775 sit
453 712 539 775 etin
561 709 728 774 Decretis.
772 709 816 775 Et
844 721 962 776 contra
984 709 1145 776 lulianum
1194 708 1326 773 tanciae
1346 703 1503 793 leguntur
1528 729 1549 771 a
1595 706 1896 785 dSchoIasticos‚
1953 708 1987 773 ui
2017 710 2182 794 intempe-

163 797 271 883 inquit
292 796 518 881 Augustinus,
541 794 614 860 Lex
640 796 705 860 iste
731 814 818 881 quae
844 808 898 861 est
923 797 958 861 iu
986 798 1144 862 membris
1166 773 1172 856 Ι
1195 795 1281 860 stine
1303 795 1521 871 commiscent
1533 727 1595 878 pff

165 883 306 950 remissa
335 893 388 947 est
416 881 673 968 regeneratione
693 880 874 964 spirituali,
906 893 941 947 et
971 891 1083 948 menet
1110 883 1144 946 iu
1194 898 1272 945 nam
1294 877 1339 943 de
1364 880 1513 942 moribus
1543 899 1619 944 cum
1646 877 1844 966 Euangelio.
1887 879 2004 965 Neque
2030 879 2118 947 haec
2144 882 2181 947 iu

164 988 268 1038 earne
290 965 431 1033 mortaii.
475 966 630 1032 Remissa
662 977 732 1046 est,
765 969 843 1051 quie
869 978 981 1033 reatus
1013 964 1145 1033 solutus
1196 961 1330 1030 Sshoiis
1360 975 1486 1029 tantum
1513 964 1783 1048 disputabantur,
1809 964 1872 1030 sed
1898 984 1941 1030 ex
1969 963 2115 1044 scholis,
2142 978 2183 1033 vt

166 1066 220 1120 est
251 1063 461 1152 sacramento
494 1073 561 1139 quo
594 1062 816 1158 renascuntur
848 1051 976 1119 fideles.
1031 1053 1146 1157 Manet
1196 1049 1245 1129 fit,
1262 1049 1491 1115 efferebantur
1511 1050 1556 1114 ad
1572 1047 1741 1154 populum.
1784 1050 1827 1116 Et
1847 1049 1913 1114 hae
1938 1054 2182 1157 persuasiones

164 1138 769 1292 iittitiiti‘dtti‘it
795 1140 1146 1291 thetidis
1196 1132 2182 1308 {trithemii,iiiitfflgiiistifflr

164 1311 276 1376 scium
296 1310 493 1394 aduersarij,
516 1308 558 1374 Et
580 1330 656 1375 cum
678 1328 749 1375 rem
770 1310 959 1395 improbare
980 1331 1048 1376 non
1115 1333 1146 1376 s·
1196 1326 1262 1392 que
1285 1243 1456 1373 {umerus
1484 1306 1605 1372 volens
1634 1307 1894 1395 magnitudinem
1920 1310 2050 1393 peccati
2077 1309 2180 1458 criff-

111 1474 114 1479 <
165 1397 250 1474 siut,
281 1395 387 1461 verba
417 1407 528 1460 tamen
562 1395 823 1472 calumnientur,
851 1408 887 1463 rt
914 1394 981 1462 hoc
1001 1400 1066 1461 arti
1092 1398 1146 1464 cio
1196 1390 1284 1457 nelis
1304 1404 1339 1458 et
1359 1393 1522 1457 humanae
1543 1391 1739 1459 infirmitatis
1761 1392 1946 1473 declarare,
1967 1394 2079 1461 docuit
2100 1415 2138 1460 re
2154 1396 2180 1448 '-

164 1481 376 1547 innocentem
397 1483 594 1565 oppriment.
1198 1478 1294 1563 quies
1315 1475 1392 1543 illas
1413 1481 1543 1585 pocomi
1566 1477 1757 1564 originalis,
1785 1499 1854 1544 nou
1876 1498 1954 1545 esse
1974 1499 2037 1546 sua
2057 1492 2179 1545 natura

252 1566 298 1632 At
330 1565 499 1651 disputant
537 1568 841 1650 concupiscentiam
872 1586 1015 1651 poenam
1054 1586 1146 1648 esse,
1197 1565 1232 1628 in
1252 1562 1387 1629 bomine
1408 1554 1576 1650 αδιᾰφορα,
1599 1566 1662 1631 sed
1682 1566 1834 1650 indigere
1854 1566 1963 1650 gretie
1986 1564 2125 1645 Christi,
2135 1585 2182 1631 na

164 1661 432 1736 nonpeccetum,
449 1655 501 1728 ¹⁶)
523 1650 689 1717 botherus
706 1649 853 1719 defendit
863 1662 1039 1736 peccatum
1056 1672 1144 1718 esse.
1197 1650 1412 1739 imputentur,
1434 1650 1512 1714 item
1536 1651 1655 1734 spiritu
1676 1662 1805 1730 sanctu,
1827 1664 1864 1717 vt
1885 1650 2135 1717 mortificentur.

166 1737 278 1823 Supra
308 1737 432 1802 dictum
460 1747 514 1802 est
544 1737 769 1823 Augustinum
802 1737 940 1804 definire
994 1748 1147 1826 eccatum
1284 1734 1483 1820 Quanquam
1498 1733 1701 1802 scholastici
1718 1747 1817 1802 vtrun
1841 1756 1884 1801 ue
1901 1747 2093 1817 extenuant,
2103 1755 2182 1821 pec·

166 1822 317 1909 originis,
337 1823 428 1908 quud
449 1823 493 1886 sit
515 1825 804 1907 concupiscentia,
827 1822 941 1907 lixpos
992 1834 1049 1889 ent
1070 1845 1145 1890 cum
1198 1832 1308 1887 catum
1336 1832 1370 1887 et
1395 1837 1557 1905 poenam,
1583 1843 1658 1887 cum
1690 1823 1812 1887 docent
1863 1824 2006 1909 ominem
2031 1822 2182 1972 proplrlisss

166 1909 369 1994 Augustino,
388 1909 418 1971 si
462 1906 630 1974 nidhabet
651 1909 850 1974 incommodi
867 1907 1145 1976 haeosautencia.
1198 1907 1325 1972 viribus
1347 1925 1458 1991 posse
1473 1907 1628 1972 mandata
1651 1906 1715 1973 Dei
1736 1905 1862 1973 facere.
1906 1908 1943 1972 ln
1972 1908 2096 1973 Genesi
2165 1943 2181 1958 ·

166 1994 346 2058 Praeterea
378 1928 503 2059 Penius
535 1994 581 2058 ait
615 1995 922 2077 concupiscentiam
953 1997 1146 2061 nesciebam
1197 2002 1249 2056 ter
1270 1992 1470 2058 describitur
1498 2012 1607 2076 poena
1636 1994 1790 2079 imposita
1818 2012 1880 2080 pro
1934 2005 2051 2059 acceto
2079 1993 2182 2143 unffi·

167 2099 247 2147 esse
273 2088 466 2161 peccatum,
494 2078 558 2143 uisi
584 2076 639 2143 iex
668 2080 805 2144 diceret.
822 2083 875 2154 ¹⁷)
918 2079 995 2145 Non
1024 2101 1147 2147 concu-
1197 2079 1262 2143 nis.
1307 2077 1356 2142 ibi
1377 2078 1463 2142 enim
1486 2097 1553 2142 non
1572 2075 1681 2144 solnm
1707 2081 1805 2144 morti
1834 2090 1868 2147 et
1927 2080 1969 2166 ijs
1997 2098 2123 2164 corpor
2170 2114 2183 2129 ·

166 2167 289 2270 pisces.
333 2162 415 2229 itam
432 2168 496 2243 ¹⁷⁸)
528 2165 628 2270 video
662 2162 760 2230 aliam
788 2163 898 2251 legem
925 2166 960 2231 in
989 2167 1147 2232 membris
1199 2163 1263 2228 hus
1296 2163 1393 2267 maiis
1432 2163 1621 2267 auribnus
1641 2162 1787 2269 humana
1819 2176 1956 2244 natura,
1990 2165 2051 2269 sed
2082 2166 2183 2230 wem

165 2247 1148 2422 iiwiipiiiiiaii,hi‘inmi‘itiicffl'iii-'il
1198 2245 1786 2418 tsiiihiinxssiiitfth
1806 2247 2184 2415 diffinitis

159 2419 261 2507 ,Haec
282 2421 472 2486 testimonia
499 2417 591 2485 uuila
621 2418 834 2486 cauillatione
860 2422 966 2488 euecti
994 2434 1147 2508 possunt.
1198 2420 1286 2484 iuter
1307 2438 1422 2485 semen
1443 2430 1552 2498 mum,
1583 2430 1617 2486 et
1646 2439 1762 2486 samen
1789 2418 1900 2499 iilius,
1919 2418 2115 2501 -Deieotus,
2148 2430 2185 2488 et

168 2500 271 2573 cleri
303 2506 390 2570 euim
424 2502 594 2609 appellant
625 2507 930 2590 concupiscentiam
962 2519 1148 2592 peccatum,
1200 2505 1471 2589 concupiscentie
1498 2516 1577 2570 suut
1628 2524 1736 2573 uenae
1751 2510 1803 2588 18)
1834 2518 1868 2572 et
1895 2519 2053 2591 mecam,
2085 2505 2184 2573 Mors

1578 791 1799 878 dosophicam
1820 812 1883 859 seu
1901 791 2032 859 ciuilem
2053 794 2183 861 doctri-

62 2606 66 2615 ·
168 2589 269 2664 Quod
290 2601 402 2656 tamen
419 2589 472 2655 his
495 2593 552 2676 qui
580 2593 715 2658 suntin
737 2591 892 2672 Christo,
914 2612 981 2658 non
1010 2594 1148 2679 imputa·
1200 2602 1233 2655 st
1253 2587 1319 2657 eite
1337 2588 1528 2675 corporalia
1549 2611 1581 2656 m
1642 2638 1655 2670 ,
1677 2603 1711 2657 st
1728 2593 1879 2679 tyrannis
1902 2589 2027 2658 diaboli
2048 2594 2186 2678 proprie

167 2676 340 2828 ihi?
362 2678 955 2847 ‘stitiit‘ititiibtitih
978 2699 1148 2846 iiiiii
1199 2674 2186 2849 titii..hi.iii”².¹¹ii.¹¹tiiirtitl”,i‘”¹.i·;

166 2845 255 2914 Nam
283 2847 494 2934 Augustinus
526 2847 629 2935 ionga
659 2849 890 2934 disputacione
918 2849 1051 2917 recellit
1078 2850 1150 2937 opi·
1200 2847 1310 2933 impijs
1333 2847 1545 2933 opinionibus
1567 2851 1795 2917 aremoricus
1817 2846 2185 2934 dementatetimpal·
2228 2907 2233 2920 .

167 2934 300 3006 nionem
320 2935 473 3013 istorum,
494 2937 551 3021 qui
572 2936 769 3002 sanciebant
790 2937 1093 3021 concupiscentiam
1114 2938 1150 3002 in
1200 2931 1239 2998 lit
1259 2933 1304 2998 ed
1326 2936 1434 3000 omnis
1456 2935 1591 3021 generis
1612 2947 1763 3020 peccate.
1809 2933 1906 3002 Sicut
1932 2945 2042 3001 eutem
2070 2936 2187 3002 diabo-

167 3016 302 3086 homine
323 3039 392 3085 non
413 3039 491 3087 esse
511 3021 652 3100 vicium,
682 3023 744 3086 sed
770 3021 939 3109 ἀδιάφορον
966 3036 1003 3089 vt
1031 3043 1150 3107 corpo·
1200 3015 1255 3083 ius
1277 3019 1365 3084 vinci
1386 3039 1457 3087 uon
1478 3030 1608 3104 potest,
1631 3023 1696 3086 nisi
1723 3019 1849 3088 amilio
1871 3019 2016 3103 Christi,
2039 3020 2089 3086 lta
2117 3040 2187 3087 nou

168 3105 218 3172 ris
240 3104 348 3185 color,
368 3116 427 3172 aut
446 3108 593 3172 aduersa
613 3104 761 3173 valitudo
783 3105 880 3193 ἄδιᾰφ
916 3109 1100 3175 edicitur.
1201 3123 1384 3189 possumus
1415 3124 1480 3170 nos
1514 3106 1663 3192 proprijs
1694 3108 1821 3175 viribus
1854 3127 1897 3174 ex
1930 3108 2008 3173 iste'
2024 3108 2186 3173 seruitute

256 3190 356 3264 Quod
378 3193 408 3256 si
430 3195 633 3258 contendent
658 3194 863 3281 aduersarij,
904 3196 1039 3261 omitem
1070 3213 1150 3261 esse
1201 3192 1357 3258 eximere.
1401 3189 1480 3276 ipsa
1499 3194 1612 3257 nundi
1634 3193 1775 3259 historie
1797 3193 1960 3272 ostendit,
1990 3204 2115 3278 quanta
2142 3192 2188 3258 sit

169 3274 354 3361 ἀδιάφορον,
381 3275 612 3344 reclamabunt
638 3297 708 3343 non
732 3276 842 3344 solum
869 3278 994 3346 multee
1020 3292 1151 3346 senten·
1201 3277 1357 3363 potencie
1389 3280 1484 3363 regni
1513 3276 1648 3344 diaboli.
1694 3279 1820 3347 Plenus
1847 3290 1901 3346 est
1928 3279 2072 3345 mundus
2100 3275 2189 3344 blas·

170 3361 244 3427 ciae
259 3363 459 3445 scripturae,
478 3365 540 3429 sed
559 3361 741 3448 planatota
758 3363 925 3431 Ecclesia.
960 3366 1044 3438 Quis
1063 3369 1151 3432 enim
1201 3362 1343 3448 phemi‘s
1367 3376 1484 3430 contra
1506 3362 1614 3429 Deum
1636 3375 1669 3430 et
1689 3365 1800 3452 impijs
1820 3366 2053 3450 opinionibus,
2075 3374 2110 3430 et
2131 3362 2187 3430 his

168 3465 314 3596 :inquatfu
335 3466 440 3598 [ἔξω
461 3458 515 3512 ast
533 3450 644 3516 dicere
661 3449 747 3515 haec
764 3469 843 3600 cosle
864 3444 1030 3602 dissipem,
1051 3453 1150 3518 etiem
1202 3449 1280 3515 vinc
1327 3467 1346 3512 s
1367 3449 1470 3600 heizet
1491 3449 1648 3598 ἀὶιῖὺοΙιιρ
1669 3451 1817 3517 irretitos
1838 3451 2007 3535 sepientes
2024 3459 2059 3553 et
2075 3450 2189 3554 iustos

168 3551 381 3696 aiiii.
403 3551 808 3705 tiiittfiitt.
829 3547 910 3699 tit,
939 3539 1152 3688 ,iiiiii
1202 3554 1528 3687 iimciffli...
1550 3534 1654 3687 ,iit
1670 3538 2118 3704 tribunitiis
2134 3557 2185 3686 i.

170 3701 521 3856 mffiiogei,igndigu}ari
542 3708 632 3791 quod
654 3704 750 3856 Dee?
767 3726 837 3807 non
859 3709 955 3857 erigit
977 3708 1090 3857 εῐεὲῑὶω
1108 3729 1150 3772 ex
1201 3706 1287 3857 genabo
1303 3715 1467 3854 lpeccata,
1502 3716 1536 3770 et
1555 3705 1619 3771 has
1646 3726 1774 3793 poenes
1800 3706 1947 3785 auferat,
1976 3715 2186 3855 etbregrfrium

167 3808 331 3960 muninz„
339 3810 438 3960 qu
461 3794 713 3956 {ggerssffl
725 3794 1151 3961 irzlfssilibindinggupiffiz
1203 3811 1344 3942 curigt't'
1361 3801 1619 3961 elirenoeffimreri
1648 3794 2186 3965 neffgrirfflciffeirtirsiair'rteliigzmoss

168 3959 310 4048 glot-ise,
332 3982 433 4046 opum
455 3972 519 4027 etc.
565 3962 607 4027 Et
634 3963 720 4029 haec
813 3975 935 4031 escunt
962 3967 996 4030 in
1024 3983 1063 4030 se
1089 3963 1151 4029 ho·
1202 3959 1290 4028 maia
1312 3975 1439 4028 nostra
1484 3961 1563 4029 idas
1586 3966 1629 4030 de
1655 3962 1709 4028 his
1737 3967 1840 4032 rebus
1869 3963 1978 4029 nostri
2008 3963 2187 4028 concione·

167 4047 275 4112 mines
305 4046 369 4132 pi',
403 4058 439 4112 rt
466 4060 605 4133 apparet
631 4050 667 4113 in
699 4051 746 4115 Ps
827 4068 862 4131 s,
890 4070 932 4116 ac
959 4049 1149 4136 Prophetis,
1201 4059 1295 4115 tores
1318 4046 1493 4135 diligenter
1514 4048 1757 4130 docueruntat
1777 4048 1861 4117 nihii
1878 4051 1956 4116 noui
1968 4047 2187 4126 tradiderunt,

169 4131 238 4198 Sed
268 4131 303 4197 in
332 4068 468 4198 §obolis
497 4132 737 4202 transtulerunt
764 4139 832 4202 huc
865 4155 906 4201 ex
933 4134 1152 4221 Philosophia
1202 4135 1264 4201 sed
1284 4146 1435 4201 reectum
1457 4135 1667 4220 scripturam,
1690 4147 1724 4201 et
1744 4148 1939 4202 sanctorum
1951 4133 2086 4199 Petrum
2108 4152 2186 4199 scu-

167 4237 309 4302 prorsus
333 4216 461 4284 alienes
483 4222 695 4299 sentencias,
724 4221 823 4297 Quod
851 4232 990 4306 propter
1020 4222 1152 4306 passio·
1203 4222 1329 4287 teuclas
1347 4231 1605 4306 proposuerunt.

167 4322 230 4369 nes
252 4322 316 4368 nee
339 4305 429 4384 boni,
453 4325 517 4370 nec
538 4303 615 4371 muli
637 4308 755 4387 simus,
778 4325 841 4372 nec
869 4306 1060 4387 laudemur,
1088 4327 1153 4373 nec
1289 4305 1384 4371 Haec
1404 4305 1603 4373 arbitremur
1623 4303 1840 4373 satisfactura
1860 4324 1940 4372 asse
1957 4303 2058 4370 Caes.
2081 4300 2187 4369 hiaie-

167 4388 440 4540 {mamurii
451 4387 552 4470 item,
574 4388 661 4541 ἱηὶὴίΙ.
678 4412 758 4458 esse
779 4403 974 4543 pgccssltltirlm,
1002 4393 1069 4544 alisi
1096 4412 1154 4543 vg·
1203 4394 1293 4543 ἱωῖί,
1314 4382 1358 4541 ge
1379 4386 1565 4542 pueryib'ruu
1584 4402 1623 4543 {tl
1639 4390 1769 4480 frigidis
1793 4389 2086 4543 causslctrnolioaibuti,
2115 4389 2189 4540 quit:
2265 4395 2269 4405 '

170 4559 261 4627 ..n
282 4496 404 4627 tt...
425 4495 809 4643 institituit
830 4497 1082 4631 rahnidai
1095 4498 1154 4629 ri.
1206 4496 1534 4628 ,institit
1548 4490 2191 4637 ‚:..t'‘¹..¹¹i:.‘'¹¹¹2....i'.·:¹'t..³tt.

168 4642 239 4710 hilo
261 4648 464 4731 prudenciae
486 4662 628 4715 ossuum
649 4647 789 4715 stelias
818 4652 1028 4730 sentencias,
1059 4660 1154 4717 natu·
1206 4648 1330 4715 Christi
1351 4649 1488 4726 sentire,
1510 4645 1579 4714 Sed
1601 4650 1632 4714 si
1653 4648 1973 4717 resonabunt-benc
1993 4657 2191 4714 conmodor-

169 4749 241 4797 ram
262 4752 332 4797 uon
353 4752 431 4799 esse
450 4732 588 4815 maiam,
616 4734 653 4800 id
685 4735 719 4801 in
751 4733 830 4801 loeo
858 4736 981 4803 dictum
1006 4756 1074 4804 uon
1103 4755 1154 4803 re·
1206 4735 1289 4800 siem
1313 4733 1518 4819 aduersarij,
1547 4752 1615 4799 non
1649 4735 1794 4801 defuturi
1816 4747 1894 4799 sunt
1922 4733 2011 4820 apud
2039 4751 2103 4797 uos
2133 4732 2192 4818 qui

1205 4821 1469 4970 mpogidmtha
1481 4832 1514 4885 et
1545 4821 1675 4887 veritati
1709 4822 1968 4907 patrocinentur.
1996 4817 2099 4968 ἰῗῗω
2132 4817 2191 4883 ad·

174 5007 222 5074 15)
240 5005 452 5074 possederim]
470 5008 508 5059 st'c
524 5008 608 5059 Editt.
628 5008 785 5076 1-8.;1td
805 5011 845 5064 4.=
862 5010 1050 5078 superioribus,
1205 4906 1349 5058 mog
1368 4907 2107 5079 {gwllffiffszssffiignmzfflneiff
2107 4922 2193 5056 ”1³:¹⁰

177 5093 224 5159 ld)
241 5091 396 5160 porcetum]
416 5093 466 5144 Ed.
485 5092 526 5145 &a
542 5101 685 5159 peceatum.

175 5178 222 5245 17)
241 5176 359 5248 dicaret]
378 5179 428 5231 lta.
448 5179 487 5229 tt:
506 5180 612 5243 diecret,
1649 5227 1652 5233 ,

174 5263 238 5332 iia)
254 5264 332 5332 Iun]
349 5264 431 5319 diditi.
453 5265 479 5318 δ.
497 5266 538 5316 4.=
556 5265 631 5329 itan,
1071 5272 1074 5277 ’
1208 5266 1255 5333 is)
1272 5263 1384 5332 poenae]
1400 5266 1535 5339 defidit&
1555 5268 1580 5316 l.
1598 5266 1623 5317 2.
1641 5267 1681 5327 44
1699 5263 1751 5317 lid
1769 5264 1812 5318 &r
1829 5278 1914 5332 posse
