4702 6030
164 413 237 487 UD
283 410 288 418 ’
616 410 732 482 Pflllu·
744 409 859 482 ssis.
878 410 1074 482 summ
1092 410 1364 483 meamea
1383 410 1443 481 ET
1461 409 1736 482 SYfflHGA.
2115 415 2185 484 lim

172 614 232 659 teta
247 604 296 657 illa
312 605 402 656 eentie
419 602 518 656 christi
535 603 660 667 coniungi
682 602 776 665 debet,
799 602 873 652 eninr
894 602 992 652 multu
1012 609 1073 651 runt
1111 615 1152 651 ar·
1201 601 1263 650 tae?
1288 602 1393 665 quande
1418 607 1548 664 atataem,
1579 603 1652 667 qued
1675 600 1790 652 babeant
1813 599 1901 653 Deum
1924 604 2090 670 propicium
2124 605 2184 658 1ae

172 683 222 737 ter,
240 687 348 738 quarm
366 673 434 724 aliae
452 672 485 722 de
507 670 572 732 ide,
596 672 665 723 aliae
687 672 720 722 de
743 673 866 735 operiens
888 671 1060 736 praecipiunt
1122 682 1153 719 ee
1203 670 1271 719 ealm
1297 683 1400 735 remper
1427 677 1532 720 aecum
1554 684 1616 734 ner,
1639 676 1669 719 ut
1690 670 1789 722 Peulur
1806 671 1857 732 ait,
1879 671 1937 721 Lea
1960 672 2026 725 iram
2049 682 2182 740 epar-atat.

175 750 216 796 eet
233 742 339 794 candidi
362 742 468 792 leoteria
490 752 631 805 excerpere
653 747 792 805 praecepta
813 753 935 803 opernm,
959 739 1063 788 emiraie
1087 737 1160 800 leeir,
1202 736 1244 787 lta
1259 735 1311 799 flet,
1328 745 1358 787 ut
1374 739 1397 787 ri
1414 740 1543 789 renuerint
1561 739 1737 789 conscientiae
1754 740 1878 789 iudicium
1895 740 1978 804 legia,
1997 751 2075 793 ruaut
2090 744 2120 792 in
2137 744 2184 794 de·

174 814 209 865 de
225 811 287 863 ide.
316 807 384 861 Sunt
400 817 427 860 et
443 807 569 869 nonnulli,
587 809 632 874 qui
649 809 764 858 Ireniem
782 822 838 857 erse
855 810 1066 871 interpretantur,
1083 805 1153 857 Date
1202 807 1385 869 rperetienern.
1419 805 1517 857 Paulus
1535 809 1581 868 ait,
1598 805 1683 859 Omne
1701 808 1772 870 qued
1790 822 1845 858 neu
1863 815 1904 858 ert
1919 823 1954 860 ex
1969 809 2032 873 fide,
2049 819 2184 876 peceatum

173 882 351 944 elemosynas,
369 885 396 928 et
411 878 499 928 emnia
514 885 576 929 suut
597 877 704 928 munda.
740 876 852 926 Videtur
874 877 944 926 enim
966 872 1085 926 Chrirtnr
1107 887 1153 925 ua·
1203 879 1251 924 ert
1276 874 1324 925 lati
1341 881 1426 924 autem
1444 874 1509 924 nihil
1526 889 1640 939 unquam
1657 890 1691 926 ex
1707 876 1761 926 hdr
1777 883 1865 941 agent,
1881 877 1905 927 si
1921 884 1983 928 tanc
2001 880 2106 930 demum
2123 894 2184 932 aeu-

175 963 237 1000 nam
254 949 447 1013 persuasionem
464 944 648 996 Pheriseerum
666 946 734 995 salae
752 953 857 1004 tarare,
880 947 925 1007 qni
947 959 1004 994 cum
1027 942 1154 994 haberent
1204 943 1275 993 eleut
1291 943 1341 993 ribi
1357 942 1444 993 Deum
1460 944 1606 1008 propicium
1624 958 1695 1006 erae,
1714 959 1773 994 eum
1790 946 1876 1010 legem
1898 947 2072 1011 impleueriut
2107 947 2184 1000 Sem»

175 1019 278 1068 animer
295 1016 414 1081 pessimis
433 1014 617 1078 cupiditatibus
641 1012 783 1076 ebnoxios,
805 1014 910 1063 interim
933 1013 1002 1063 datis
1026 1012 1153 1076 elemery-
1202 1025 1250 1075 per
1267 1014 1336 1061 euim
1353 1011 1515 1073 dubitabunt,
1533 1012 1626 1062 Vtrum
1642 1012 1696 1076 lagi
1712 1015 1775 1064 ertia
1793 1014 1889 1064 iaetum
1906 1016 1951 1077 eit,
1963 1017 2017 1066 ime
2035 1018 2185 1082 intelligent

175 1087 226 1147 nia,
249 1084 417 1136 confidebant
440 1096 469 1132 ae
494 1097 581 1134 meros
603 1083 732 1133 remideea
757 1096 823 1132 erre.
865 1081 939 1132 Haec
966 1082 1152 1145 interpretacie
1202 1093 1257 1129 uon
1275 1094 1332 1130 erae
1348 1080 1514 1131 satisfactum.
1551 1080 1616 1131 Idae
1632 1095 1763 1145 nunquam
1785 1089 1900 1133 etatum
1923 1098 1953 1134 re
1975 1084 2076 1136 habere
2095 1085 2184 1138 Deum

175 1169 231 1206 oen
248 1161 290 1204 ert
305 1152 426 1214 absurda,
444 1165 529 1217 neque
546 1151 688 1216 quidquam
705 1149 786 1201 habet
807 1150 878 1215 qued
896 1157 994 1215 pugnet
1015 1163 1074 1200 eum
1092 1149 1152 1215 eliJ'r
1202 1149 1355 1211 propicium,
1372 1162 1401 1198 re
1419 1149 1547 1200 exaudiri.
1581 1148 1722 1215 Nunquam
1740 1151 1820 1214 igitur
1836 1151 1955 1215 diligam
1971 1167 2104 1219 nunquam
2120 1168 2184 1206 uere

169 1223 313 1290 mptum.
809 1256 812 1264 .
1190 1217 1293 1266 'celent
1308 1217 1401 1268 Deum.
1437 1217 1514 1268 ‘ralia
1529 1224 1639 1282 paetera
1655 1218 1721 1282 quid
1736 1220 1809 1269 aliud
1826 1227 1901 1284 aunt,
1918 1221 1969 1271 uiri
1984 1222 2042 1287 iper
2057 1223 2183 1287 insama,

241 1291 407 1341 adderemus
425 1295 451 1338 et
468 1289 534 1339 alies
552 1287 711 1348 lecee,‘niai
734 1286 940 1337 existimaremur
964 1299 997 1335 ea
1021 1284 1063 1335 hia
1086 1299 1152 1351 qnos
1202 1299 1261 1334 eam
1277 1287 1330 1334 rint
1346 1286 1426 1350 plena
1442 1287 1646 1351 desperationis,
1670 1294 1697 1337 et
1719 1287 1775 1352 odii
1792 1287 1861 1349 Dei,
1883 1295 1911 1338 at
1930 1290 1959 1342 iu
1981 1288 2033 1340 hec
2056 1292 2122 1342 odie
2144 1299 2183 1343 ta·

171 1359 347 1410 recenanimra
373 1365 460 1423 atque·
481 1357 673 1416 enermuimuu,
701 1355 798 1405 similes
823 1355 932 1405 indicari
959 1354 1038 1404 iaeile
1063 1366 1151 1418 pesae.
1201 1353 1303 1420 ment)
1320 1353 1447 1404 introeant
1464 1361 1492 1404 et
1507 1355 1599 1406 eeluut
1613 1355 1714 1419 Deum,
1731 1357 1799 1408 eleut
1815 1356 1880 1409 Saul
1902 1358 2014 1409 aelebat.
2048 1359 2101 1410 liic
2123 1374 2183 1426 pre-

171 1427 229 1480 Sed
253 1427 405 1493 edijeiemne
428 1425 479 1474 hee
506 1423 698 1476 scholasticum
725 1430 913 1487 argumentum.
948 1422 1084 1472 iusticiam
1105 1436 1151 1471 ne·
1201 1436 1326 1473 necamur
1343 1422 1379 1473 ad
1396 1436 1487 1472 ernuer
1503 1424 1560 1487 pier
1578 1430 1691 1487 menae,
1716 1431 1744 1473 et
1765 1426 1862 1490 peritae
1886 1440 1973 1477 rerum
1998 1428 2182 1492 spiritualium,

173 1510 245 1547 eure
268 1504 308 1545 ert
328 1496 357 1544 ln
378 1495 514 1545 uoluntate
537 1507 602 1544 esee.
636 1493 709 1556 lirae
733 1490 878 1541 cumides
901 1491 936 1542 rit
955 1493 984 1541 in
1007 1490 1150 1552 intellectu,
1200 1489 1253 1540 hae
1267 1491 1359 1541 tertam
1376 1498 1512 1556 poterunt,
1529 1491 1594 1541 haec
1610 1492 1682 1542 mala
1702 1495 1828 1557 consequi
1850 1507 1884 1543 ex
1908 1495 1956 1545 illa
1975 1496 2057 1560 impia
2077 1511 2182 1562 peren·

171 1579 227 1615 nen
251 1563 381 1614 iustificat
416 1563 477 1612 lieu
497 1569 677 1625 argumentum
706 1560 768 1610 ideo
791 1560 942 1621 recitamus,
968 1566 999 1608 ut
1023 1567 1079 1609 teta
1107 1572 1150 1608 rer
1200 1559 1277 1608 aione
1298 1559 1521 1622 adumnrierum,
1547 1572 1617 1624 qnae
1639 1563 1720 1612 sentit
1741 1563 1812 1626 qued
1839 1563 1902 1613 iurtl
1922 1572 2071 1629 reputemur
2093 1580 2183 1617 eoram

169 1633 254 1697 magis
276 1632 323 1682 flat
342 1631 495 1697 perspicua,
517 1631 648 1695 quemede
671 1629 736 1679 iides
759 1627 898 1690 inatihcet,
923 1636 950 1676 et
967 1627 1031 1694 ,quld
1053 1626 1150 1678 Paulus
1200 1625 1270 1690 Dee,
1287 1631 1397 1692 prepria
1412 1629 1565 1693 impletione
1581 1630 1657 1693 legia,
1674 1636 1701 1679 et
1716 1631 1789 1681 iubet
1798 1630 1928 1680 corridere
1944 1646 1998 1682 non
2010 1635 2182 1698 premimene

169 1701 285 1767 appellet
308 1697 526 1750 inetiileatienear.
560 1697 676 1748 Primum
696 1703 782 1747 autem
804 1704 911 1763 prepter
931 1710 1049 1747 mererer
1071 1710 1150 1759 quoe·
1200 1696 1394 1747 mirericordiaa
1409 1704 1517 1762 propter
1539 1695 1672 1748 Olidrtm
1696 1697 1824 1760 denatae,
1847 1699 1895 1749 red
1916 1708 2009 1752 nestra
2029 1702 2182 1767 implea‘ene

170 1770 232 1820 daur
248 1763 446 1834 τοχνολογιιοῑς
463 1767 691 1830 respondebimus,
709 1763 819 1816 (leuatae
841 1778 875 1814 ea
891 1763 993 1815 iithielr
1010 1765 1149 1828 luaticiam,
1200 1764 1276 1829 lagia.

169 1837 346 1889 ebedlemiem
362 1836 487 1901 appellari
505 1849 567 1899 erpa
585 1834 755 1902 superiorem,
788 1847 849 1884 uam
866 1835 889 1883 ir
907 1833 1041 1899 approbat.
1068 1832 1148 1883 Fidae
1267 1831 1384 1884 Necesse
1401 1839 1442 1883 ert
1457 1834 1539 1897 igitur
1561 1839 1692 1898 attinere,
1714 1836 1784 1901 qued
1808 1842 1881 1886 certe
1902 1846 1964 1902 pert
1984 1839 2182 1890 meuattoueu

169 1913 257 1957 autem
274 1913 315 1955 ert
330 1903 480 1955 obedientia
497 1917 561 1967 erga
576 1902 758 1965 ltmurelluru,
849 1915 864 1952 e
880 1901 945 1952 iider
962 1908 1033 1952 reete
1051 1901 1148 1952 dieitur
1199 1902 1273 1964 lurti,
1290 1900 1342 1952 hee
1359 1907 1407 1962 ert,
1423 1903 1523 1966 accepti
1537 1901 1600 1953 Dee
1617 1903 1707 1965 rimus,
1725 1905 1797 1970 qued
1813 1919 1904 1970 pacem
1926 1905 2068 1956 habeam
2093 1920 2182 1958 oerera

168 1975 281 2025 iurticia.
315 1971 384 2022 Nam
401 1971 553 2022 obedientia
569 1985 634 2035 erge
649 1971 821 2033 humellum
837 1971 979 2034 imputatur
1001 1984 1050 2034 pro
1074 1969 1148 2020 lueti-
1199 1969 1268 2032 Dee,
1284 1983 1332 2034 per
1347 1970 1553 2020 misericerdiam
1569 1977 1676 2036 prepter
1694 1970 1842 2035 christum,
1864 1981 1892 2023 at
1912 1974 1984 2039 qued
2007 1975 2056 2024 illa
2071 1975 2181 2026 inuber-

169 2043 227 2105 ela,
243 2041 311 2091 adee
334 2047 364 2090 ut
387 2041 537 2090 obedientia
559 2054 623 2104 erga
645 2041 730 2103 legem
752 2045 853 2089 tantum
876 2044 1015 2103 prepterea
1036 2039 1148 2103 placeat,
1198 2040 1237 2089 tle
1254 2039 1321 2102 legis
1338 2038 1368 2089 ln
1383 2039 1462 2089 nobie
1484 2052 1538 2089 nen
1561 2039 1596 2089 ait
1619 2039 1701 2103 digna
1723 2042 1779 2092 aitr
1799 2049 1920 2103 aeterna,
1941 2040 1996 2094 Sed
2018 2044 2089 2108 qued
2111 2046 2180 2095 eleut

168 2111 231 2176 qaia
249 2110 377 2160 credimur
394 2109 470 2158 nobis
487 2108 573 2158 Deum
591 2110 673 2173 gratis
696 2108 841 2173 propicium
864 2120 921 2157 esre
941 2116 1048 2172 prepter
1070 2106 1147 2160 cbrl-
1198 2107 1318 2156 neuhale
1336 2114 1505 2171 peecatorum
1522 2112 1549 2157 et
1571 2107 1721 2160 iurtiheado
1743 2110 1884 2175 imputatur
1903 2125 1952 2175 per
1972 2113 2180 2164 mirericordiam

168 2185 244 2228 etum
267 2176 376 2242 ,Neque
402 2179 472 2227 enim
496 2178 550 2241 legi
575 2175 758 2227 uthiaoimua.
794 2173 950 2242 Quanquam
973 2182 1059 2226 autem
1080 2175 1148 2227 haec
1198 2182 1305 2242 prepter
1322 2175 1470 2235 chriarum,
1487 2190 1542 2225 neu
1560 2183 1668 2240 prepter
1684 2177 1778 2240 legem.
1814 2177 1855 2229 Ita
1872 2186 1899 2228 et
1921 2180 1977 2229 uita
1993 2186 2103 2230 aeterua
2120 2195 2179 2235 eun

167 2246 234 2297 ides
251 2247 337 2297 estin
353 2246 502 2307 uoluntate,
521 2252 561 2295 est
577 2246 645 2295 enim
662 2245 731 2294 uelle
748 2252 776 2293 et
797 2245 916 2308 accipere
938 2246 1147 2308 premiealenam,
1198 2242 1391 2305 iudicatione,
1405 2257 1460 2294 nen
1477 2251 1585 2309 prepter
1601 2243 1687 2309 legem
1705 2252 1732 2294 et
1748 2253 1896 2298 neetrom
1914 2261 2023 2312 eperum
2040 2248 2180 2313 periertie·

168 2322 256 2366 umen
273 2314 340 2364 haec
358 2314 511 2364 obedientie
528 2327 591 2378 erga
612 2313 800 2377 Euangelium,
823 2326 878 2361 nen
900 2321 1007 2376 prepter
1029 2319 1147 2363 nostram
1198 2326 1271 2372 neue,
1294 2312 1341 2360 red
1362 2325 1409 2378 per
1426 2311 1634 2363 mirericordiam
1654 2320 1762 2378 propter
1787 2313 1922 2366 Obrlrtum
1945 2315 2083 2378 efferatur,
2105 2317 2179 2369 eleae

167 2383 325 2434 mundiciam
341 2382 482 2447 imputatur
498 2395 546 2446 pre
566 2383 683 2444 iusticia,
701 2382 748 2431 sed
765 2381 827 2446 qnia
849 2380 945 2444 accipit
960 2382 1077 2432 eblrtam
1097 2382 1146 2432 mi·
1198 2382 1236 2431 ait
1252 2379 1379 2432 christus.
1406 2380 1480 2431 llaec
1496 2387 1538 2432 est
1554 2388 1641 2431 autem
1656 2381 1779 2432 uoluntas
1796 2382 1883 2434 Patria
1898 2385 1960 2447 md,
1976 2385 2021 2450 qd
2038 2387 2112 2437 nisit
2127 2400 2178 2447 ιι

167 2451 346 2510 rerieerdiam,
363 2459 390 2500 et
406 2450 487 2500 sentit
502 2464 551 2500 nor
573 2458 679 2515 prepter
701 2448 837 2501 chriarum
857 2450 940 2499 iurtea
961 2451 1079 2516 reputari
1099 2462 1147 2516 per
1197 2456 1228 2499 ut
1244 2449 1329 2498 emnia
1347 2449 1392 2514 qui
1409 2449 1484 2498 uidet
1498 2448 1591 2512 iliu,
1607 2457 1634 2499 et
1651 2451 1736 2500 creeht
1751 2453 1781 2501 in
1799 2464 1865 2513 eum,
1882 2452 1978 2503 hahart
1994 2455 2076 2504 ultam
2093 2463 2178 2505 aeter-

167 2519 387 2581 mirerieerdiam,
412 2531 467 2568 nen
495 2526 602 2583 prepter
627 2525 741 2568 normam
772 2518 954 2582 impleelenem
979 2519 1060 2584 lepis,
1091 2532 1146 2568 nen
1196 2531 1266 2567 nam.
1295 2516 1331 2566 iit
1345 2517 1419 2568 alibi.
1451 2514 1504 2578 Qui
1520 2517 1604 2569 eredit
1620 2519 1647 2568 lu
1663 2517 1755 2581 hlium,
1772 2519 1852 2570 habet
1866 2521 1948 2570 uitam
1964 2529 2108 2573 aeteman.
2136 2523 2177 2574 Ae

168 2595 277 2656 propter
297 2594 415 2638 neutram
437 2587 605 2638 mundiciam.
645 2587 687 2637 Ite
712 2586 861 2636 reuocanda
885 2598 959 2636 mens
982 2595 1023 2638 eet
1044 2602 1062 2639 a
1084 2600 1147 2637 een·
1197 2599 1351 2650 quaeramur
1367 2584 1547 2646 eduarrmiea,
1565 2586 1629 2651 quid
1646 2588 1749 2652 consili]
1767 2587 1831 2638 deut
1846 2590 1994 2652 meriturir,
2015 2591 2112 2641 Vtrum
2136 2594 2177 2643 iu·

168 2663 260 2723 apaetu
276 2656 353 2720 legis,
370 2655 404 2705 ad
421 2655 595 2720 Euangeliou
619 2662 645 2704 et
668 2654 815 2715 christum,
838 2662 866 2704 at
889 2655 1054 2706 statuendum
1075 2655 1146 2721 qued
1197 2654 1277 2704 beant
1302 2667 1349 2703 aer
1375 2653 1474 2703 sentire
1503 2653 1575 2718 qued
1599 2662 1752 2720 reputentur
1776 2658 1853 2719 iusti,
1879 2664 1907 2708 et
1932 2666 2073 2724 expectare
2096 2661 2178 2712 uitam
2223 2674 2226 2681 ¹

168 2732 316 2790 reputemur
341 2724 417 2785 iusti,
446 2738 504 2772 cum
528 2724 653 2773 sentimur
676 2737 725 2773 ner
747 2729 853 2788 propter
876 2719 1008 2774 Christum
1024 2729 1147 2790 aceepter
1196 2729 1329 2773 aeternam
1347 2729 1452 2788 prepter
1468 2723 1576 2788 propria
1591 2737 1688 2788 opera,
1704 2737 1741 2774 an
1756 2738 1822 2775 uere
1840 2739 1889 2790 par
1896 2727 2102 2779 mirericordiam
2118 2743 2178 2794 pre·

78 2815 86 2822 ’
169 2807 244 2856 οιιι,
261 2807 314 2842 nen
331 2798 437 2858 propter
455 2792 621 2843 dilectionem
638 2800 683 2840 aut
698 2792 874 2856 impletionem
892 2791 967 2855 legis.
1196 2798 1255 2857 pter
1280 2789 1423 2840 Chrirtam.
1463 2789 1543 2841 ceree
1568 2805 1618 2841 nee
1642 2791 1754 2854 Paulus,
1780 2807 1831 2843 nee
1855 2792 2011 2846 Laurentium
2037 2797 2127 2846 dicent
2150 2811 2178 2847 re

237 2861 333 2918 Dinert
348 2869 436 2912 autem
452 2859 518 2910 ilder
539 2875 556 2911 a
579 2873 640 2924 epe,
661 2861 722 2924 quia
741 2858 807 2910 ider
828 2858 926 2924 recipit
948 2861 978 2911 in
999 2861 1148 2925 praecunia
1214 2865 1304 2924 repter
1320 2859 1454 2923 proprian
1469 2859 1627 2910 munditiem
1643 2861 1726 2911 iurtee
1742 2861 1903 2927 reputandus
1920 2876 1986 2925 erre,
2002 2871 2050 2915 aut
2064 2865 2116 2917 diri
2133 2865 2178 2917 de·

167 2931 349 2983 mueronem
370 2935 534 2996 peccaterum
556 2934 584 2979 et
605 2929 847 2979 reconciliationem
868 2941 916 2978 rea
937 2929 1148 2995 aeeeptreienear
1271 2927 1352 2978 uitam
1367 2934 1499 2977 aeternam
1517 2934 1625 2994 prepter
1640 2930 1747 2994 propria
1770 2943 1866 2995 epera,
1889 2937 1935 2981 aut
1957 2931 2026 2996 legia
2046 2933 2177 2998 impletio·

167 2999 261 3060 uereri,
278 3005 386 3064 prepter
402 2997 543 3050 Christum.
578 2995 645 3062 Sper
660 3005 748 3049 autem
764 3006 886 3051 narratur
902 2997 974 3049 eirea
995 2995 1084 3048 iatura
1100 2996 1148 3048 be·
1197 3010 1266 3058 nem,
1284 2996 1333 3064 red
1348 2997 1463 3047 senem
1478 3009 1508 3046 re
1523 2997 1640 3061 reputari
1655 2999 1749 3062 lurter,
1766 3005 1793 3047 et
1808 3000 1930 3066 recipere
1945 3001 2027 3052 uitem
2043 3008 2176 3053 uterum

167 3080 204 3120 na
219 3074 246 3119 et
261 3067 446 3118 liberationem
460 3067 581 3117 feturam.
1197 3071 1305 3130 prepter
1320 3062 1453 3116 chrum
1475 3078 1523 3129 per
1543 3066 1756 3119 misericerdiam.
1790 3064 1849 3118 Nee
1869 3076 1980 3134 posanm
1999 3070 2092 3120 miri
2113 3072 2175 3136 piae

235 3134 367 3187 Secunde.
405 3134 557 3186 iustihcatie
582 3133 625 3184 bie
652 3133 784 3197 eignlheat
802 3135 918 3201 reputari
939 3134 1043 3185 tutan.
1085 3131 1149 3187 rien
1196 3140 1296 3184 menter
1313 3138 1406 3183 centra
1423 3134 1644 3198 deeperatienem,
1658 3135 1712 3186 uiri
1733 3136 1847 3186 rendunt
1866 3137 1941 3202 qued
1962 3151 2009 3202 per
2029 3138 2176 3190 mlaedeer.

168 3210 256 3255 auteur
272 3211 375 3270 reputat
389 3203 462 3255 Dene
478 3204 613 3254 hominem
629 3203 737 3264 lurtum,
758 3205 826 3254 sicut
847 3206 875 3255 ln
890 3203 950 3254 iere
973 3210 1021 3253 rut
1035 3203 1064 3252 in
1084 3201 1147 3254 Plri-
1197 3203 1269 3254 diam
1295 3207 1402 3267 prepter
1429 3200 1575 3265 Ghmmnr,
1600 3210 1673 3259 eerto
1701 3202 1815 3255 habeam
1841 3212 1869 3255 et
1895 3207 2027 3257 iurtielem
2049 3213 2076 3258 et
2094 3207 2178 3258 uitam

166 3271 289 3337 lerephla
304 3279 438 3338 reputatur
454 3273 534 3323 home
550 3274 643 3333 imus,
659 3278 767 3336 prepter
782 3274 880 3338 preprlj
898 3272 986 3337 eperia
1007 3271 1147 3332 iusticiam,
1196 3278 1340 3334 aeternam,
1357 3284 1412 3321 nea
1428 3277 1538 3337 prepter
1554 3271 1650 3336 legam.
1685 3272 1760 3322 ilaec
1782 3272 1918 3325 nonnula
1938 3275 2107 3336 moreretur,
2127 3277 2176 3328 eri·

167 3354 235 3406 quae
251 3349 323 3390 recte
339 3343 446 3405 ponitur
463 3342 492 3391 in
515 3341 659 3391 uoluntate.
693 3338 748 3392 Sed
769 3347 874 3407 reputat
896 3339 1030 3390 beurim
1050 3341 1147 3391 iustum
1196 3340 1238 3405 git
1253 3338 1382 3391 atraluat
1395 3340 1452 3405 piae
1467 3346 1577 3391 meum.
1612 3338 1701 3400 Quare
1722 3340 1866 3408 adumnffi
1887 3356 1948 3393 enm
1969 3344 2092 3394 neritum
2115 3358 2176 3396 een·

165 3422 215 3476 per
229 3409 437 3462 miserirordiae!
453 3416 559 3474 prepter
575 3406 720 3471 Chrirtrrm,
737 3410 818 3475 siquis
840 3415 927 3459 tanen
943 3408 1013 3458 hunc
1030 3407 1084 3459 ilde
1100 3423 1146 3474 ap·
1196 3408 1272 3474 digni
1288 3407 1453 3474 praedicant,
1470 3407 1578 3458 abolent
1595 3407 1743 3460 doctrinam
1764 3409 1797 3460 de
1816 3411 1870 3460 ilde
1887 3417 1914 3460 et
1936 3412 2083 3463 mediatore
2100 3410 2177 3464 chri·

165 3475 319 3543 prehendat
356 3475 445 3538 Quare
459 3477 524 3528 nece
541 3478 667 3543 appellari
688 3478 794 3528 iusticia
815 3483 914 3542 petere,
936 3478 998 3543 qnia
1020 3484 1060 3527 ert
1079 3476 1146 3527 illud
1196 3485 1252 3540 rte,
1269 3484 1296 3528 et
1312 3476 1422 3540 adigunt
1438 3477 1614 3527 eonscientiae
1631 3477 1667 3528 ed
1683 3477 1902 3543 desperatienm

166 3547 239 3613 qued
255 3548 397 3611 imputetur
414 3547 449 3596 ad
465 3547 609 3607 iusticiam,
629 3553 660 3596 ut
677 3561 734 3596 cnm
751 3545 838 3596 Paule
859 3543 1011 3610 leq'uamur,
1033 3559 1145 3612 quaeun-
1264 3545 1319 3598 Sed
1340 3545 1412 3595 dieat
1432 3545 1536 3608 aliquia.
1574 3542 1605 3596 Si
1627 3559 1676 3610 per
1696 3545 1902 3599 misericerdiam
1925 3546 2046 3613 uiuendi
2073 3558 2172 3611 mmor,

167 3626 218 3679 que
233 3616 340 3667 undem
361 3617 390 3665 in
412 3621 488 3679 perte
510 3615 625 3666 heminis
645 3622 765 3680 ponatur.
800 3614 833 3664 ld
855 3616 923 3664 enim
944 3613 1011 3664 nibil
1038 3614 1147 3680 impedit
1195 3615 1258 3680 quid
1275 3614 1386 3664 intereat
1400 3614 1471 3663 inter
1487 3613 1536 3662 her
1551 3612 1645 3678 quibas
1663 3616 1793 3678 contingit
1807 3617 1877 3665 aalae
1893 3619 1921 3664 et
1936 3614 2028 3678 quibua
2041 3626 2096 3665 nen
2108 3630 2174 3666 eou-

165 3684 368 3748 imputeeionen
384 3683 509 3734 diuinum.
543 3682 603 3734 Etsi
620 3697 669 3734 ner
687 3683 792 3748 quidem
808 3682 878 3733 banc
900 3681 979 3732 iidem
1001 3683 1029 3732 ln
1052 3683 1145 3732 uolun-
1194 3682 1291 3746 miti
1330 3679 1401 3730 Num
1425 3680 1524 3746 pariter
1547 3680 1689 3746 sperabunt
1715 3681 1921 3735 mirericordiam
1945 3682 2009 3734 beni
2034 3690 2062 3733 et
2091 3683 2174 3735 malli

166 3758 223 3803 tate
240 3751 371 3816 ponimus.
406 3752 455 3801 list
472 3755 541 3803 enim
557 3752 626 3802 uelle
643 3759 672 3800 et
687 3752 805 3816 acuipere
823 3751 1023 3816 premiraienem
1039 3749 1146 3814 christi,
1194 3751 1255 3802 ileo
1271 3755 1423 3813 mamerto
1440 3748 1562 3799 uidentur
1577 3751 1643 3800 meti
1660 3748 1819 3803 Schelaedci
1841 3751 1877 3803 ad
1897 3751 2074 3816 quaerendum
2096 3754 2173 3802 merl·

165 3820 202 3869 Bt
219 3819 269 3870 boe
285 3819 449 3872 scholastice
466 3827 621 3884 argumente
638 3821 752 3884 agitate,
775 3821 837 3885 quie
857 3833 914 3869 rem
932 3818 966 3870 ad
989 3818 1146 3870 liethedum
1193 3825 1249 3868 tum
1266 3817 1401 3880 condigni.
1435 3816 1549 3869 Neeeeae
1567 3824 1607 3868 eet
1622 3819 1692 3869 enim
1708 3819 1849 3871 dimrlmen
1866 3833 1924 3871 esre
1945 3821 2015 3872 inear
2031 3821 2172 3872 raluandee

165 3896 283 3950 reuocat,
299 3888 403 3938 uidetur
420 3896 477 3939 teta
493 3902 573 3938 cauea
589 3889 681 3938 melius
698 3889 809 3954 perspici
824 3901 913 3954 perra.
1194 3893 1222 3938 et
1239 3886 1409 3937 damnandus.
1442 3885 1557 3939 Prlnaam
1573 3893 1662 3936 autem
1677 3887 1744 3938 illud
1760 3888 1884 3951 ditinum,
1908 3903 1966 3939 eum
1986 3888 2173 3940 iustificatione

234 3956 276 4006 Ea
292 3956 335 4007 hta
353 3957 472 4007 emnlbus
494 3959 572 4007 etium
594 3957 705 4021 intelligi
727 3963 816 4022 petrae
835 3956 899 4022 quid
920 3955 1090 4007 iudicandum
1110 3955 1146 4007 rit
1192 3955 1284 4008 efferri
1301 3955 1381 4005 uitam
1399 3959 1541 4016 aeternam,
1557 3968 1604 4006 ren
1620 3955 1774 4007 hatiheatee
1792 3971 1850 4008 aare
1865 3956 1935 4008 ilios
1950 3957 2004 4009 Dei
2021 3963 2048 4007 et
2064 3957 2172 4008 cebere-

164 4025 309 4077 demerito
326 4027 465 4089 condigni,
487 4026 521 4075 de
544 4040 596 4091 quo
618 4025 720 4089 iugum
740 4024 896 4092 adnemdj,
920 4024 1041 4074 heminer
1062 4024 1145 4074 inetoa
1194 4024 1242 4075 der
1263 4023 1377 4086 Cirrirti,
1403 4023 1478 4073 iuxta
1499 4023 1573 4075 illud.
1609 4021 1682 4084 Quea
1705 4024 1871 4088 inatilleauit,
1894 4026 2002 4076 eoadem
2024 4031 2051 4075 et
2072 4026 2171 4090 glun·

165 4108 223 4145 aare
240 4108 328 4144 ceram
345 4092 404 4144 Dee
422 4101 529 4160 prepter
546 4095 713 4145 dilectionem
731 4108 763 4144 ιο
778 4093 847 4158 legia
870 4097 906 4145 im
924 4093 1056 4144 lationem.
1091 4092 1144 4143 iiic
1193 4095 1271 4144 eruit.
1298 4091 1382 4157 Igitur
1398 4091 1477 4141 nuilla
1494 4093 1625 4156 eontinglt
1640 4092 1720 4157 aulur,
1737 4095 1788 4145 uiri
1804 4094 1958 4145 iustihcatir.
1991 4093 2069 4146 Sient
2086 4102 2173 4145 auteur

164 4163 238 4214 nulla
252 4164 372 4214 laeticiae
387 4163 449 4212 iidai
467 4163 565 4214 mentio
581 4162 620 4226 tit,
637 4169 664 4212 et
679 4178 726 4228 pre
742 4163 887 4212 mediatore
905 4109 1011 4214 ghrlrte
1028 4161 1145 4227 ponitur,
1173 4161 1343 4214 iudicatio
1360 4160 1461 4211 incerta
1477 4167 1559 4222 uret,
1579 4162 1604 4211 ai
1620 4161 1747 4226 penderet
1769 4176 1803 4212 ea
1823 4164 1976 4213 condidere
1995 4176 2104 4228 eperum
2126 4176 2173 4213 ue·

164 4232 236 4296 qnod
258 4233 361 4296 recepti
382 4233 461 4282 simus
483 4238 591 4297 propter
615 4238 733 4281 nestram
756 4231 933 4295 impletionem
954 4231 1030 4296 legis.
1070 4230 1145 4280 ilaec
1192 4240 1305 4280 renerum
1327 4235 1373 4279 aut
1394 4228 1476 4292 legis,
1498 4242 1531 4280 ιο
1552 4243 1604 4280 nen
1627 4230 1710 4292 unna
1730 4231 1892 4296 acciperetur
1911 4236 2019 4297 propter
2040 4231 2173 4284 christan

164 4300 238 4352 nulle
254 4301 335 4352 mede
352 4299 461 4351 imende
478 4308 551 4361 runt,
569 4300 617 4350 sed
632 4307 756 4363 utsupra
772 4299 900 4362 diximus,
923 4300 972 4348 etei
994 4299 1142 4350 nmersarle
1192 4313 1240 4365 per
1255 4297 1468 4349 mirericordiam.
1502 4296 1545 4348 Ita
1560 4298 1583 4349 ri
1600 4311 1659 4362 aper
1683 4301 1811 4352 niteretur
1832 4299 1954 4363 operibor
1975 4300 2089 4363 nostrie,
2109 4307 2173 4350 tune

164 4368 282 4433 requitur
298 4370 496 4420 renouatienem
513 4369 635 4430 dilectio,
657 4376 746 4418 tamen
768 4368 855 4431 gloria
871 4367 971 4420 chuleti
993 4381 1048 4417 nen
1065 4366 1144 4418 debat
1192 4381 1257 4418 aare
1275 4372 1344 4417 erret
1359 4367 1472 4426 lucem,
1495 4366 1558 4430 quia
1579 4366 1625 4417 lea
1646 4381 1749 4433 temper
1771 4375 1876 4419 ueneat
1897 4369 2080 4419 eenrelentiar.
2114 4367 2173 4419 rte·

165 4437 301 4488 naneieni
324 4439 352 4488 ln
377 4445 495 4488 nestum
520 4437 696 4502 impletionem
722 4437 805 4500 legis,
830 4436 877 4486 red
902 4435 1068 4486 teutlandum
1095 4443 1142 4497 eet,
1191 4443 1302 4501 merent
1317 4433 1494 4484 ceueeieutira
1509 4434 1585 4485 reddi
1600 4442 1723 4500 pacatae,
1739 4437 1792 4487 uiri
1809 4436 1863 4487 ide
1877 4436 2076 4502 apprehendant
2096 4437 2174 4487 miae·

164 4504 237 4570 qaod
254 4506 331 4555 etiam
348 4514 409 4570 poet
426 4507 623 4555 mentionem
639 4506 700 4557 iusti
716 4510 866 4570 reputemur
881 4511 989 4570 prepter
1001 4504 1142 4567 ebrinum,
1191 4505 1346 4577 rleprdiam,
1367 4501 1460 4567 Neque
1476 4516 1541 4552 uere
1558 4511 1647 4568 petest
1664 4507 1777 4557 exirem
1793 4519 1853 4570 rper
1869 4507 1941 4556 nitra
1960 4512 2102 4566 numae,
2122 4504 2173 4554 nial

164 4572 242 4693 gem
262 4571 382 4624 Obristna
405 4581 511 4625 manem
533 4575 665 4624 mediator
688 4578 716 4622 et
738 4573 914 4640 propicietur,
939 4574 1012 4638 «pred
1036 4579 1143 4638 propter
1257 4581 1286 4623 ta
1311 4571 1478 4623 concientia.
1518 4570 1588 4621 Nam
1619 4573 1777 4625 eenrelentia
1802 4574 1923 4625 dubitant
1947 4575 2016 4638 tegit
2045 4574 2171 4625 iudicium

243 4649 297 4692 tum
312 4642 454 4695 habeamur
470 4656 602 4694 recusum
620 4644 655 4692 ed
672 4641 767 4706 mum,
783 4642 854 4706 qued
876 4655 930 4709 neu
952 4640 1141 4692 utiriaciarm
1220 4643 1244 4692 ei
1261 4657 1293 4692 ιο
1316 4642 1444 4705 desperat
1480 4637 1595 4690 Neeeare
1616 4649 1656 4691 ert
1676 4650 1762 4693 autem
1784 4657 1856 4707 spem
1879 4644 1949 4694 ultae
1968 4649 2092 4693 aeternae
2113 4655 2171 4692 ear·

163 4709 226 4774 legi,
243 4708 291 4760 red
308 4709 449 4762 habeamur
466 4726 531 4778 epus
547 4711 740 4775 misarioerdia,
763 4710 841 4776 qued·
854 4724 957 4777 temper
979 4724 1027 4776 per
1043 4711 1142 4762 miseri·
1192 4717 1245 4761 tem
1263 4723 1328 4762 erae.
1361 4707 1478 4772 ideoque
1499 4714 1531 4758 ut
1546 4711 1582 4759 ait
1605 4717 1691 4775 certa,
1712 4712 1879 4762 eenelendum
1902 4719 1942 4762 ert
1964 4710 2035 4777 qued
2059 4711 2176 4761 denatum

164 4779 282 4830 eerdiam
298 4780 360 4831 larti
375 4787 531 4845 reputemur.
742 4789 744 4792 ·
1192 4780 1249 4831 uite
1269 4787 1377 4831 aeterna
1393 4791 1441 4842 per
1461 4777 1668 4829 mirericordiam
1708 4788 1798 4846 repter
1820 4780 1969 4844 christum,
1990 4794 2044 4830 nen
2066 4786 2175 4845 propt«
2273 4792 2276 4799 ·

232 4846 316 4910 quue
333 4846 471 4899 eontitetur
487 4851 611 4900 uniuersa
625 4846 755 4910 Mete,
778 4847 849 4912 qued
872 4848 935 4900 iutti
959 4853 986 4898 et
1006 4847 1074 4898 salui
1094 4846 1141 4898 fla·
1191 4855 1307 4901 uernam
1322 4846 1502 4911 impletionem
1522 4846 1598 4910 legis.
1634 4847 1665 4898 lu
1687 4796 1748 4900 iere
1773 4863 1805 4898 ιο
1830 4850 1935 4916 iudleijs
1956 4849 2108 4910 bemiaum,
2130 4850 2173 4899 iu

163 4916 732 5051 ffidptrneigifissiffigpressirigkniirpirtg
754 4917 947 5036 owni?
961 4914 1142 5039 ffiigildia
1191 4917 1573 5037 gacfflmssnozeguffl
1592 4914 1779 5036 353ss
1794 4918 1996 5037 hiibctiueleaitmn
2006 4919 2173 5037 iii-{nm

737 5022 745 5049 i

165 5053 293 5106 eemlstit.
329 5052 403 5104 iiaec
418 5059 505 5104 autem
521 5055 701 5106 misericordia
715 5055 768 5104 ilde
784 5053 920 5119 accipitur.
1189 5051 1251 5106 Del.
1286 5054 1355 5107 Nem
1372 5052 1546 5115 Euangelium
1567 5061 1607 5104 eet
1628 5052 1681 5105 hec
1702 5055 1788 5120 iprum
1810 5056 1975 5117 mandatum,
1999 5056 2071 5119 qued
2095 5054 2172 5105 iubet

102 5180 105 5187 ¹
233 5124 275 5173 Ae
291 5123 383 5174 uidete
400 5122 462 5188 qnid
480 5128 654 5187 consequatur
672 5136 705 5173 ex
723 5121 931 5178 aduenarierum
948 5120 1083 5187 epinlene.
1109 5119 1140 5172 Sl
2137 5134 2152 5141 ·’

164 5191 332 5243 sentiendum
350 5197 391 5241 eat
406 5191 477 5256 qued
498 5189 619 5242 cbristua
640 5197 740 5241 tantm
762 5191 873 5256 primam
894 5192 1018 5254 vatiam,
1040 5196 1072 5240 ut
1090 5203 1139 5240 ue·

165 5267 240 5322 eant,
255 5261 389 5324 macerit,
405 5265 498 5326 postea
514 5271 563 5308 nea
580 5259 669 5309 rimus·
678 5261 778 5325 accepti
793 5264 883 5310 nerea
897 5258 1049 5326 impletione
1064 5258 1139 5328 lagia,

165 5331 451 5382 etmereamuruitem
473 5327 748 5395 aetemam,annde
770 5326 1138 5394 ermteearaieadeepaea·
1205 5322 1598 5396 bJummludrtaatam
