4694 6038
23 684 27 691 ·
161 647 269 716 multo
300 668 319 713 s
365 651 541 715 ciosiorcrn
569 644 648 714 esse
675 651 858 716 doctrinam
887 650 974 736 legis
1001 651 1044 715 de
1065 648 1146 715 dile·

159 373 228 444 tsi
615 374 732 445 PiiiL.
751 373 858 444 teau
878 373 1069 444 settim
1087 372 1360 445 muriatica
1375 372 1438 445 'nt
1459 374 1734 447 Siasouron.
2111 375 2185 445 toe

161 564 302 631 horreat
324 584 345 630 a
366 564 488 630 iudicio
508 563 647 630 rationis
668 584 710 630 ac
738 561 837 651 legis,
858 564 931 630 Nec
952 565 1145 651 ignoramus
1197 573 1307 644 natur,
1333 566 1467 650 quando
1495 563 1580 630 firmi
1609 561 1754 630 tolerant
1774 561 1943 641 infirmos,
1964 563 2098 649 quando
2120 583 2184 649 po·

50 739 53 745 '
161 737 284 831 ctione.
352 749 384 798 st
405 737 490 801 enim
508 737 681 819 sapientia,
699 737 760 801 sed
777 755 844 801 non
862 738 965 821 pudet
981 755 1045 800 nos
1063 732 1146 800 stul·
1196 647 2185 827 blllsmd‹lgtblnfrrorssglfbnlibaegallcbnfoffigfmmwnbllb:

162 822 262 887 tiarae
286 819 478 908 Euangeiij,
507 820 543 885 ld
565 833 700 906 propter
721 818 863 906 gloriam
885 820 1011 886 Christi
1033 817 1146 885 deferr·
1197 831 1279 885 nant
1299 818 1515 886 imbecillitati
1536 818 1662 906 populi.
1740 818 1833 886 ehrs
1856 821 2044 905 praeceptis
2066 838 2089 883 a
2169 856 2184 871 ·

163 908 273 972 dimus
295 919 330 972 et
348 924 506 993 rogamus
531 904 718 984 Christum,
744 916 782 971 vt
801 907 920 990 spiritu
943 917 1060 971 sancto
1082 925 1145 972 sno
1198 907 1277 971 tatis
1298 904 1388 993 pleni
1410 919 1489 972 sunt
1508 903 1585 972 libri
1613 907 1756 972 omnium
1777 906 1981 989 sapientum,
2001 916 2039 969 vt
2059 905 2094 969 iu
2163 925 2185 971 c

164 992 300 1058 adiuuet
332 1012 413 1070 nos,
440 1004 475 1056 vt
502 991 536 1056 id
563 989 733 1057 illustrare
755 1012 797 1058 ac
824 991 1016 1078 patefacere
1037 991 1146 1078 possi·
1198 992 1288 1057 vitae
1320 993 1562 1059 consuetudine
1598 989 1702 1058 multa
1732 993 1959 1057 condonemus
1990 991 2078 1055 inter
2104 1009 2185 1071 nos,

104 1100 118 1111 ¹
163 1096 250 1143 mus.
263 1081 317 1155 48)
1222 1091 1335 1161 ropter
1357 1095 1564 1143 communem
1586 1074 1868 1163 tranquillitatem.
1912 1075 1957 1141 Et
1976 1076 2020 1141 de
2042 1095 2084 1141 ea
2105 1095 2184 1142 cum

251 1162 446 1247 Aduersadj
469 1162 503 1226 in
526 1158 760 1228 confutacione
782 1175 816 1227 et
831 1162 921 1229 hunc
939 1158 1050 1227 locum
1068 1180 1147 1227 corr·
1198 1097 1254 1226 bic
1281 1172 1350 1228 turn
1381 1159 1465 1228 alias
1487 1182 1591 1248 saepe
1618 1163 1789 1249 praecepit
1810 1158 1945 1227 Paulus·
1994 1161 2108 1235 Quare
2127 1161 2185 1226 arb

161 1259 217 1313 tra
238 1266 302 1312 nos
325 1249 531 1326 citauerunt,
560 1267 602 1312 ex
625 1244 758 1312 Coloss.
804 1245 937 1313 Caritas
960 1260 1014 1312 est
1034 1247 1147 1312 virrcn·
1198 1247 1339 1330 uersarij
1369 1249 1596 1334 imprudenter
1624 1250 1864 1315 ratiocinantur
1891 1267 1933 1313 ex
1953 1248 2088 1312 nomine
2108 1266 2183 1332 per·

163 1331 230 1399 lum
278 1329 488 1410 erfeotionis,
516 1331 603 1397 ilinc
630 1334 871 1399 ratiocinantur
899 1334 987 1420 quod
1012 1331 1145 1398 dilectio
1198 1331 1372 1420 fectionis,
1404 1335 1494 1419 quod
1523 1332 1658 1400 dilectio
1686 1334 1863 1412 instificet,
1889 1354 1965 1399 cnm
1988 1328 2117 1398 Paulus
2138 1332 2184 1398 da

163 1420 241 1484 insti
266 1428 338 1493 cet,
382 1416 459 1502 quia
491 1415 663 1501 perfectos
696 1418 808 1483 elficit.
864 1417 1061 1504 Quanquam
1092 1416 1147 1483 hic
1197 1419 1388 1504 integritate
1416 1431 1449 1485 et
1474 1431 1548 1484 tran
1574 1417 1710 1484 nillitatc
1737 1421 1903 1491 communi
1930 1415 1964 1482 io
1988 1428 2105 1496 uetur,
2139 1415 2185 1482 Et

163 1501 275 1570 multis
301 1503 410 1568 modis
433 1504 475 1568 de
496 1501 702 1587 perfectione
726 1505 922 1587 responderi
942 1514 1077 1589 posset,
1099 1515 1147 1570 ta·
1199 1505 1251 1570 sic
1282 1506 1521 1589 interpretatur
1534 1584 1538 1591 Ι
1551 1442 1647 1572 lunc
1679 1503 1791 1570 locum
1823 1438 2042 1574 Ambroslus.
2087 1501 2184 1568 Sicut

161 1610 237 1656 men
261 1608 324 1654 nos
353 1586 547 1674 simpliciter
569 1589 771 1654 sentenciam
796 1588 890 1654 Pauli
919 1589 1146 1655 recitabimus.
1198 1588 1387 1655 aedificium
1421 1590 1541 1656 dicitur
1572 1587 1758 1677 perfectum
1790 1609 1853 1654 seu
1883 1590 2073 1676 integrum,
2106 1608 2183 1654 curn

163 1674 297 1740 Certum
337 1687 389 1739 est
410 1672 549 1740 Paulum
579 1675 622 1739 de
663 1673 840 1741 dilectione
872 1676 1013 1760 proximi
1042 1665 1146 1761 loqui.
1198 1693 1315 1740 omnes
1347 1685 1462 1759 partes
1494 1687 1570 1760 apte
1612 1677 1699 1742 inter
1733 1693 1774 1739 se
1805 1685 2060 1762 coagmentatae
2091 1682 2182 1739 sunt.

163 1760 282 1846 Neque
315 1780 395 1825 vero
429 1761 680 1826 existimandum
718 1772 770 1824 est
807 1761 897 1847 quod
931 1759 1055 1827 Parrins
1087 1773 1146 1825 ant
1197 1758 1307 1844 Turpe
1336 1770 1390 1825 est
1417 1770 1527 1827 autern
1555 1763 1759 1843 aduersarijs
1780 1771 1955 1845 tantopere
1985 1761 2183 1846 praedicare

162 1845 448 1925 iustificationem,
480 1856 537 1911 ant
564 1842 803 1930 perfectionem
826 1867 942 1912 coram
963 1846 1056 1929 Deo,
1089 1846 1145 1911 tri·
1198 1842 1426 1925 dilectionem,
1457 1866 1533 1911 cum
1564 1867 1727 1934 nusquam
1779 1856 1928 1913 raestent
1955 1865 2039 1910 eam
2093 1843 2183 1918 Quid

163 1933 273 1998 buerit
293 1932 451 2016 operibns
474 1935 643 1997 secundae
664 1930 799 1997 tabulae
815 1933 938 2017 potius,
960 1953 1061 2019 quam
1081 1933 1146 2016 pri·
1197 1949 1287 1995 nnnc
1319 1931 1446 2016 agnati
1486 1931 1650 2018 dissipant
1679 1867 1870 2010 Ecclesiae,
1901 1931 2055 1997 scribunt
2085 1927 2183 2017 leges

160 2038 248 2083 mae.
290 2017 383 2082 Etsi
407 2015 541 2082 dilectio
570 2016 674 2082 efiicit
701 2014 883 2101 perfectos,
897 2022 950 2095 ⁴⁴)
981 2016 1063 2082 nihil
1084 2018 1145 2103 igi·
1197 2016 1379 2100 sanguine,
1409 2028 1443 2082 et
1463 2017 1527 2082 has
1548 2029 1739 2104 proponunt
1760 2015 1898 2083 Caesari
1920 2014 2182 2082 clementissimo

110 2129 112 2134 ·
161 2115 217 2170 tur
239 2123 323 2189 opus
334 2104 464 2179 erit⁴⁵)
485 2103 708 2188 propiciatore
720 2101 868 2181 Christo,
894 2106 948 2181 ⁴⁶)
957 2103 1043 2168 Nam
1059 2103 1144 2169 fides
1197 2101 1354 2186 principi,
1385 2100 1663 2190 promulgandas,
1692 2102 1876 2169 'l'rncidant
1896 2103 2115 2180 sacerdotes,
2148 2112 2181 2167 et

161 2199 288 2255 tantmn
315 2188 533 2273 apprehendit
561 2188 814 2273 propiciatorem
841 2187 1022 2254 Christum.
1070 2187 1146 2253 Hoc
1197 2183 1285 2252 alios
1307 2188 1416 2254 bonos
1437 2189 1544 2268 viros,
1566 2189 1596 2253 si
1619 2190 1670 2256 uis
1693 2186 1813 2255 leniter
1835 2187 2038 2274 significauit
2059 2206 2102 2252 se
2124 2184 2183 2253 ali·

162 2286 273 2341 antem
294 2272 491 2359 longissime
512 2276 609 2339 abest
630 2295 652 2338 a
672 2273 844 2338 sentencia
862 2271 969 2352 Penii,
988 2274 1044 2360 qni
1062 2293 1144 2340 nun·
1196 2290 1295 2422 pinam
1338 2271 1549 2338 manifestum
1584 2295 1724 2341 ausum
1757 2294 1826 2340 non
1859 2275 1994 2339 omnino
2025 2275 2181 2358 probare.

162 2381 261 2447 quam
283 2360 405 2443 patitur
425 2355 557 2422 excludi
579 2358 832 2445 propiciatorem
854 2354 1036 2424 Christum.
1077 2358 1144 2424 Lo·
1228 2375 1290 2422 aec
1316 2376 1384 2423 non
1410 2360 1612 2426 conueniunt
1643 2362 1687 2425 ad
1713 2361 1780 2425 ista
1800 2359 1960 2444 preconia
1981 2356 2184 2438 dilectionis,

162 2446 274 2532 quitur
297 2443 397 2528 igitur
425 2463 493 2508 non
522 2444 564 2509 de
609 2441 755 2509 ersoneli
777 2440 998 2529 perfectione,
1018 2446 1080 2510 sed
1102 2445 1144 2510 de
1197 2462 1283 2528 qnae
1300 2443 1330 2507 si
1347 2455 1566 2529 sequerentur
1576 2446 1774 2532 aduersarij‚
1792 2442 1969 2511 Ecclesiae
1978 2441 2182 2531 tranquillae

161 2530 353 2611 integritate
380 2530 545 2594 communi
601 2528 758 2595 cclesias.
772 2534 826 2605 ⁴⁶)
875 2527 955 2594 ideo
983 2531 1070 2594 enim
1099 2532 1145 2597 ait
1196 2541 1329 2605 essent,
1362 2539 1398 2593 et
1428 2548 1485 2594 res
1513 2528 1648 2613 publica
1674 2541 1807 2615 pacata.
1858 2529 1943 2595 Nam
1964 2528 2000 2596 hi
2021 2528 2183 2596 mnatre·

162 2615 374 2682 dilectionem
405 2634 483 2679 esse
509 2612 692 2692 vinculum,
719 2633 779 2679 seu
813 2611 1079 2701 colligationem,
1107 2625 1145 2682 vt
1196 2610 1479 2693 consilescerent,
1508 2617 1537 2680 si
1560 2615 1747 2702 aduersarij
1769 2636 1836 2683 non
1859 2615 1957 2680 nimis
1977 2616 2106 2682 acerbe
2126 2635 2183 2682 ex·

162 2699 328 2788 significet
366 2719 405 2764 se
437 2698 528 2785 loqui
566 2701 608 2766 de
642 2696 841 2803 colligandis
874 2712 909 2765 et
947 2698 1144 2784 copulandis
1195 2701 1326 2785 igerent
1356 2701 1517 2785 quasdam
1549 2702 1745 2767 traditiones
1779 2699 1914 2769 inutiles
1946 2701 1990 2768 ad
2011 2701 2184 2786 pietatem,

183 2784 312 2852 iuribus
341 2786 500 2851 membris
528 2783 705 2852 Ecclesiae
731 2799 818 2853 mter
846 2805 895 2851 se.
940 2784 1036 2852 Sicut
1056 2787 1144 2853 enim
1196 2803 1337 2871 quarum
1368 2783 1549 2872 plerasque
1580 2806 1625 2853 ne
1638 2788 1692 2863 48)
1725 2787 1790 2871 ipsi
1822 2786 1956 2874 quidem
1986 2789 2184 2865 obseruant,

160 2809 367 2939 lbomnibus
386 2868 533 2956 famiiije,
555 2872 588 2936 in
611 2872 765 2937 omnihus
783 2871 884 2939 rebus
901 2869 1044 2958 publicis
1065 2891 1143 2938 con·
1195 2869 1252 2957 qui
1284 2868 1575 2940 vehementissime
1606 2869 1789 2939 defendunt
1820 2891 1891 2938 eas.
1943 2872 2014 2939 Sed
2041 2872 2109 2937 eibi
2136 2866 2184 2936 fu·

161 2959 278 3065 cordia
299 2957 421 3023 mutuis
443 2953 568 3108 oflicip's
590 2955 712 3023 alenda
732 2967 797 3037 eet,
819 2977 887 3062 nec
902 2957 1037 3023 retineri
1054 2969 1144 3061 tran·
1197 2952 1260 3021 ciie
1281 2957 1474 3042 ignoscunt,
1493 2957 1573 3041 alijs
1594 2977 1663 3024 non
1683 2959 1834 3064 1111111,οπ
1855 2954 2182 3045 ssleapndPoetaur.

159 3041 460 3198 tilitates
473 3044 1145 3197 tt.ttttit.‘ttt.titp⁵.iit⁸t
1195 3040 1588 3195 itittrm‘ii‘tttt
1605 3040 2184 3212 ..itithtthiitiitttt

159 3213 316 3283 Ecclesia
341 3212 552 3282 dilectionem
579 3213 741 3292 existere,
780 3234 868 3300 quae
893 3215 1036 3281 retineat
1065 3233 1144 3280 con·
1194 3212 1251 3279 hic
1273 3233 1316 3278 ex
1333 3210 1440 3278 Paulo
1463 3215 1619 3295 recitant,
1639 3234 1704 3280 uec
1724 3217 1832 3300 magis
1854 3210 2055 3300 intelligunt,
2078 3231 2183 3298 quam

161 3301 325 3372 cordiam,
354 3320 439 3386 quae
468 3298 605 3378 toleret,
626 3300 734 3366 sicubi
757 3320 844 3386 opus
863 3312 929 3382 est,
951 3301 1143 3386 asperiores
1194 3300 1339 3386 parietes
1360 3296 1552 3387 intelligunt
1572 3320 1705 3381 rocem,
1726 3321 1827 3386 quam
1847 3300 2002 3368 reddunt.

41 3432 44 3436 -
160 3406 274 3455 mores
294 3382 451 3464 fratnrm,
476 3405 565 3473 quae
586 3383 773 3453 dissimulet
800 3387 961 3488 quaedam
982 3383 1072 3453 leuia
1094 3404 1143 3451 er·
1281 3382 1334 3450 Ex
1354 3384 1457 3450 Petro
1479 3387 1582 3451 citant
1602 3397 1635 3453 et
1658 3383 1747 3452 hanc
1769 3386 1985 3452 sentenciam.
2013 3381 2183 3450 Vniuersa

160 3482 254 3550 rata,
277 3490 321 3535 ne
347 3468 488 3537 dissiliat
509 3469 664 3537 Ecclesia
689 3473 724 3538 in
753 3491 846 3538 varra
869 3470 1079 3550 schismata,
1110 3482 1143 3538 et
1195 3467 1321 3537 delicta
1342 3472 1450 3556 operit
1472 3473 1606 3537 caritas.
1650 3470 1793 3538 Constat
1814 3482 1847 3538 et
1868 3469 2005 3538 Petrum
2025 3466 2120 3556 loqui
2139 3467 2182 3534 de

160 3578 205 3626 ex
225 3556 425 3624 schismatis
446 3558 593 3624 oriantur
614 3557 707 3636 odia,
728 3553 893 3624 factiones
917 3569 951 3624 et
968 3556 1141 3623 haereses.
1194 3554 1374 3622 dilectione
1395 3575 1479 3643 erga
1494 3557 1691 3642 proximum,
1714 3558 1791 3643 quia
1812 3556 1903 3624 huuc
1918 3554 2035 3623 locum
2050 3572 2182 3622 accon·

159 3644 311 3711 Necesse
333 3654 386 3709 est
407 3645 494 3709 enirn
516 3640 659 3709 dissilire
682 3641 907 3723 concordiam,
930 3644 1064 3730 quando
1085 3651 1143 3710 aut
1194 3641 1309 3709 modat
1330 3641 1375 3706 ad
1395 3655 1621 3728 praeceptum,
1666 3662 1709 3708 no
1730 3643 1824 3709 iubet
1843 3654 1881 3709 vt
1897 3639 2097 3728 diligentes
2112 3658 2180 3706 rrru·

160 3724 319 3816 Episcopi
345 3730 517 3814 imponunt
544 3726 667 3814 populo
690 3729 826 3795 duriora
848 3748 973 3809 onera,
999 3748 1064 3793 aec
1084 3725 1143 3792 ha·
1193 3740 1264 3794 tuo.
1308 3726 1427 3813 Neque
1455 3747 1538 3794 vero
1571 3724 1627 3794 vili
1681 3725 1817 3815 postolc
1838 3730 1874 3794 in
1901 3737 2047 3794 mentem
2067 3726 2183 3792 venire

160 3818 241 3883 bent
261 3814 423 3880 rationem
443 3811 676 3880 imbecillitatis
695 3816 730 3879 in
752 3810 885 3898 populo.
928 3812 972 3879 Et
993 3814 1143 3880 oriuntur
1194 3811 1315 3899 potuit,
1354 3813 1444 3899 quod
1476 3811 1610 3879 dilectio
1643 3825 1762 3880 nostra
1793 3816 1906 3882 vincat
1937 3822 2118 3899 peccatum
2150 3819 2181 3877 et

161 3901 318 3979 dissidia,
369 3899 478 3964 nando
505 3895 648 3986 populus
676 3899 774 3965 nimis
803 3900 928 3965 acerbe
953 3901 1078 3966 indicat
1100 3900 1142 3964 de
1194 3911 1352 3979 mortem,
1374 3899 1465 3984 quod
1485 3898 1622 3967 dilectio
1643 3902 1688 3967 sit
1707 3899 1903 3987 propiciatio
1949 3907 2066 3982 raptor
2083 3915 2183 3984 quarn

161 3987 312 4053 moribus
344 3919 539 4065 factorum,
576 3997 634 4050 aut
664 3983 791 4052 fastidit
824 3985 983 4052 doctores
1005 3996 1143 4072 propter
1193 3983 1289 4051 Deus
1311 3981 1547 4051 reconcilietur
1567 3988 1695 4052 omisso
1715 3987 1901 4052 mediatore
1918 3919 2067 4062 furato,
2116 3981 2180 4047 uod

162 4071 327 4159 quaedam
344 4068 433 4138 leuia
449 4071 674 4150 incommoda,
695 4083 898 4158 quaeruntur
919 4072 1006 4137 eninr
1024 4071 1144 4137 deinde
1195 4067 1328 4137 dilectio
1361 4070 1404 4135 sit
1424 4070 1574 4151 iusticia,
1598 4073 1672 4138 sine
1692 4073 1876 4138 mediatore
1897 4067 2046 4136 Christo.
2121 4086 2180 4133 aec

162 4156 299 4225 etalind
317 4157 552 4236 doctrinae⁴⁷)
572 4176 692 4243 genus,
716 4168 749 4223 et
770 4155 1012 4307 ὠὶὲᾱοοιοτοε,
1034 4155 1145 4224 Ecorr·
1195 4157 1282 4222 anim
1305 4152 1450 4228 dilectio,
1472 4156 1502 4221 si
1523 4178 1589 4244 qna
1610 4169 1714 4239 esset,
1735 4165 1828 4224 esset
1848 4151 2094 4242 iusticialegls,
2113 4173 2178 4219 non

163 4255 216 4310 tra
243 4240 424 4330 perfectio,
450 4242 485 4308 id
512 4254 581 4323 est,
607 4244 782 4330 integritas
838 4240 985 4309 eclesiae
1011 4261 1144 4309 conser-
1197 4239 1391 4329 Euangciij,
1432 4244 1522 4328 qnod
1549 4242 1710 4330 promittit
1735 4243 1834 4310 uobis
1860 4236 2181 4323 reconciliationem,

1196 4337 1232 4391 at
1251 4329 1432 4407 iusticiam,
1461 4329 1491 4392 si
1513 4330 1706 4408 credamus,
1741 4329 1831 4415 quod
1851 4336 1989 4415 propter
2009 4322 2180 4391 Christum

171 4433 370 4448 ·········
1195 4414 1471 4519 propiciatorem,
1502 4414 1781 4566 peterpiacatus
1809 4413 1869 4493 sit,
1896 4412 1987 4500 quod
2014 4412 2183 4478 donentur

144 4551 215 4629 aa)
231 4548 268 4632 Et
289 4553 312 4601 a
333 4551 438 4604 aratro
461 4550 541 4602 aner
561 4550 717 4634 paeana}
741 4549 827 4602 aaa.
844 4551 936 4601 a-e2
959 4548 1101 4632 caetea
1123 4551 1146 4601 ar
1195 4498 1832 4654 ffbaffluffhgffubfflffl‘ff
1843 4495 2057 4651 mm
2076 4497 2185 4666 ml

165 4706 214 4772 a)
232 4619 747 4771 fflffiss‘ffifflssff
766 4625 792 4668 ⁶⁸
808 4618 863 4685 ¹⁶⁸¹
880 4617 1017 4682 '‘m‘’
1197 4667 1385 4750 onerum,
1416 4669 1457 4736 ar
1476 4671 1579 4737 arat
1623 4670 1688 4746 our
1714 4630 1894 4740 deerrarit
1918 4669 1953 4735 tn
1985 4685 2080 4747 eum,
2111 4684 2184 4732 non

166 4791 215 4856 ω)
231 4789 301 4841 Nm
323 4790 390 4841 gd„
411 4799 512 4842 mmm
533 4791 709 4859 ,ppnhwdqp
729 4817 762 4828 ,,
787 4791 820 4841 d,
843 4790 993 4854 {mudum
1016 4789 1146 4840 ,ommuni
1197 4753 1427 4823 confundetur·
1482 4753 1628 4823 DllCCilC
1661 4769 1790 4838 1108118,
1822 4775 1891 4824 non
1917 4750 2038 4821 [lberali
2066 4770 2134 4820 uoti
2162 4770 2188 4818 Α

235 4857 492 4922 Ecclesiae.]liditt.
511 4860 820 4914 t-e.=Pru1mrrrrem
843 4860 905 4909 ideo
930 4859 1008 4909 docet
1029 4872 1080 4908 noa
1103 4872 1144 4908 ac·

236 4934 328 4994 ceptae
344 4941 403 4977 erae
424 4936 531 4995 propter
551 4927 697 4991 Obrutam,
720 4941 775 4980 non
797 4933 905 4992 propter
928 4927 996 4990 legia
1017 4927 1147 4992 impletio·

236 5011 314 5058 nem.
344 4996 407 5061 quia
432 4997 499 5062 legis
520 4998 638 5064 impletio
661 5012 715 5049 uon
740 5004 780 5047 est
805 4996 931 5061 perfecta.
967 4994 1060 5061 ltaque
1088 5010 1146 5046 cum
1190 5060 1193 5065 Ι

234 5066 372 5117 manliam
398 5065 461 5118 dibi
487 5067 607 5118 detrahat
631 5068 707 5119 nobit
731 5066 931 5132 perfectionem,
952 5078 1007 5114 non
1029 5071 1069 5114 eat
1085 5078 1146 5113 eeu·
1192 5064 1245 5128 48)
1263 5060 1308 5132 uc]
1324 5061 1376 5116 lid.
1395 5067 1431 5117 ia
1456 5079 1506 5118 neo

153 5201 158 5206 .
237 5135 359 5218 ΨΜ
382 5135 454 5199 ‘1¹²⁰‘¹
475 5134 520 5185 ¹¹5⁰
540 5136 663 5201 1011181111
692 5137 724 5218 ⁶⁶.
746 5133 878 5200 1¹²²*mnu
903 5132 1065 5213 mm?
1087 5147 1145 5199 9⁸²·
1197 5149 1245 5216 49)
1263 5149 1379 5212 Egomet
1394 5152 1431 5203 mi
1445 5136 1556 5215 'ignosco
1573 5140 1677 5202 lieuine
1694 5148 1800 5218 inquit]
1822 5147 1884 5201 bueo
1899 5156 1956 5200 tent
1971 5145 2051 5205 verbu
2071 5146 2189 5211 Horatii

235 5202 362 5266 resona,
379 5203 428 5255 ..a
444 5204 561 5270 loquitur
577 5205 611 5255 <¹0
628 5206 780 5269 raugam
796 5203 928 5256 emani
944 5200 1087 5253 meram
1265 5233 1377 5271 remon.
1403 5220 1449 5272 rra.
1467 5220 1489 5272 r
1513 5227 1563 5272 ut.
1588 5221 1614 5270 a.
1633 5236 1659 5270 ι.
1678 5216 1720 5271 aa.
1747 5216 1790 5271 att
1807 5224 1889 5270 aaa
1911 5215 1964 5268 aa
1989 5215 2131 5279 ‚nsaw
2144 5214 2187 5269 'te

166 5287 381 5358 innomine}
398 5289 449 5341 Ed.
466 5292 509 5342 t:
527 5283 648 5341 tlocvlne
731 5308 753 5325 ··
1059 5300 1061 5305 '
1265 5289 1349 5354 citare
1368 5288 1531 5353 ,ΜΨ
1892 5289 1896 5298 ’
1980 5318 1984 5325 ·
