4702 6030
162 336 281 450 ου’
586 362 1722 450 'aummnsonnunnonmmcsnrsunnouos
1808 416 1811 423 -
2111 376 2181 446 mu

60 631 64 641 .
164 587 210 637 ne
231 567 322 656 quod
343 569 528 636 membrum
549 563 1147 654 malicoquimorequasaatnmfran·
1198 585 1286 633 mam
1317 585 1429 646 mam,
1460 566 1603 633 irostiam
1636 584 1699 653 pro
1727 563 1877 644 delictis,
1908 565 2035 631 videbit
2062 585 2180 634 sensu

166 665 235 744 get.
270 655 340 720 Sed
361 653 446 721 haec
467 666 646 746 praecepta
667 654 852 736 aduersarii
874 652 1050 740 magnifice
1067 672 1146 718 con·
1198 648 1380 737 longanum
1413 663 1478 719 etc.
1528 653 1612 718 liam
1645 647 1844 717 sominium
1877 661 1991 800 ΞΜ(
2022 672 2090 738 quc
2120 653 2181 721 iric

164 751 332 820 temnunt,
365 760 408 806 ac
428 760 509 806 vere
530 752 610 807 sunt
630 740 722 805 iuxta
739 736 913 805 Platonem
933 743 1022 803 acaci
1042 738 1147 820 μάγοι·
1199 756 1283 803 usus
1305 748 1374 816 est,
1407 735 1575 824 significat
1600 735 1742 803 hostiam
1768 736 1880 821 prod
1916 738 1999 819 icto,
2031 741 2181 825 quaein

92 838 94 842 ·
165 850 226 915 pas,
248 824 407 912 sacrificij
424 827 572 891 membra
583 844 714 892 coruum
739 836 846 903 entes,
870 826 1147 930 quemadmodum
1199 822 1278 912 iege
1299 821 1520 910 significauit,
1551 824 1641 910 quod
1664 835 1807 888 ventura
1828 833 1922 887 emet
1943 821 2054 889 hostia
2075 844 2180 911 quae·

165 909 307 999 intelligi
339 913 481 998 poterit,
518 930 594 977 cum
630 929 713 997 spec
796 909 954 998 metrici]
986 928 1147 977 recensu·
1199 910 1276 976 dam
1298 907 1516 976 satisfactura
1535 928 1598 995 pro
1619 908 1770 994 peccatis
1791 908 1916 972 nostris
1937 907 2179 977 etreccneilia-

166 998 301 1064 murus.
872 1074 875 1078 Δ
1198 1005 1273 1062 tara
1294 993 1420 1075 Deam,
1441 1005 1478 1060 vt
1500 995 1625 1060 scirent
1645 993 1816 1072 homines,
1840 994 1929 1078 quod
1951 1014 2019 1060 non
2040 1007 2182 1098 propter

252 1079 418 1169 Theoicgi
439 1090 533 1147 recte
554 1078 666 1146 scient
685 1081 892 1168 distinguere
901 1092 1147 1148 sacramentum
1198 1092 1335 1147 nostras
1356 1080 1528 1159 iusticias,
1550 1082 1612 1146 aad
1632 1090 1769 1165 propter
1789 1075 1899 1144 aliena
1923 1081 2059 1161 marita,
2088 1082 2180 1148 nde·

165 1177 201 1234 ct
222 1167 433 1236 sacrificium.
477 1167 528 1234 Sit
556 1167 656 1254 igitur
681 1185 789 1254 genus
810 1165 949 1246 horum,
969 1164 1025 1232 vel
1053 1184 1146 1233 cere·
1198 1164 1279 1233 ilcet
1300 1164 1434 1240 Christi,
1454 1162 1536 1231 velit
1556 1158 1651 1231 Deus
1673 1165 1771 1230 nobis
1792 1161 2012 1233 reconciliari.
2048 1165 2179 1232 Paulus

166 1255 297 1333 monia,
326 1250 380 1319 vei
402 1272 488 1338 opus
515 1272 662 1318 sacrum.
706 1252 957 1318 Sacramentum
979 1264 1033 1318 est
1052 1266 1145 1318 cere·
1198 1253 1286 1318 idem
1313 1271 1435 1319 nomeu
1455 1263 1570 1339 nvp<
1594 1251 1831 1337 interpretatur
1855 1262 2032 1333 peccatam
2057 1249 2178 1318 Roma.

166 1341 289 1416 monia,
311 1336 365 1404 vel
388 1358 492 1423 opus,
523 1338 559 1403 in
591 1357 657 1423 qno
681 1335 777 1404 Deus
804 1339 901 1403 nobis
924 1336 1060 1404 exhibet
1080 1336 1147 1402 hoc
1170 1365 1177 1432 ι
1199 1338 1265 1418 viij.
1288 1339 1332 1404 de
1458 1348 1494 1403 to
1516 1338 1685 1404 damnauit
1705 1346 1893 1420 peccatum,
1914 1337 1949 1401 id
1970 1347 2037 1416 ast,
2057 1358 2197 1423 pecca··

166 1424 258 1530 quod
280 1423 378 1490 offert
404 1443 538 1497 annexa
567 1424 777 1489 ceremoniae
805 1424 1000 1508 promissio,
1023 1433 1059 1488 vt
1081 1422 1146 1488 Ba·
1200 1434 1267 1489 tam
1289 1443 1358 1511 pun
1371 1423 1418 1490 uit
1443 1423 1486 1488 da
1513 1435 1681 1529 peceato,
1703 1423 1737 1487 id
1760 1432 1831 1499 est,
1857 1440 1920 1507 per
1944 1419 2088 1488 hominm
2112 1442 2177 1508 pro

165 1508 769 1679 idtitt‘it’tintttddi,
783 1507 1148 1665 ”titiefiidt
1197 1503 1882 1681 &tiiti‘tiiniffdtiiitiiit
1897 1505 2179 1660 115ἔὶ1110ῧῖ

109 1736 112 1745 .
148 1680 240 1746 ‘vice
263 1679 340 1759 Der,
362 1691 396 1746 et
415 1680 472 1746 hic
493 1678 592 1745 offert
612 1690 646 1744 at
663 1680 799 1746 exhibet
809 1679 1147 1765 Danau-emissionem
1197 1681 1353 1748 monibus
1374 1679 1464 1746 male
1489 1677 1667 1746 intellectis
1694 1689 1855 1763 acceptos
1877 1697 1967 1758 essa,
1987 1678 2097 1744 Latim
2118 1699 2177 1746 vc·

164 1775 380 1851 peccaturum
401 1778 465 1832 etc.
487 1768 578 1831 iuxta
589 1765 857 1849 promissionem,
880 1764 946 1839 Qui
957 1765 1146 1844 crediderit,
1198 1766 1321 1832 cabant
1341 1762 1521 1851 piaculum,
1542 1763 1699 1844 bostiam,
1720 1783 1808 1851 quae
1828 1763 1863 1829 ln
1884 1767 2015 1851 magnis
2037 1762 2175 1832 memi-

167 1862 202 1918 et
224 1852 415 1935 baptizatus
438 1849 547 1923 fuerit.
571 1847 689 1915 selune
711 1851 781 1918 erit.
826 1849 988 1930 Econtra,
1009 1848 1147 1918 Secriil·
1198 1852 1335 1932 tatibus,
1356 1853 1414 1918 vbi
1435 1852 1611 1939 insigniter
1632 1851 1809 1917 videbatur
1817 1847 1914 1915 Deus
1935 1850 2036 1916 irasci
2056 1849 2177 1917 offers

167 1936 254 2002 cium
277 1949 331 2002 cst
352 1939 562 2015 ceremonia,
588 1935 645 2002 vai
666 1955 753 2021 opus
775 1937 866 2022 quod
887 1932 1051 2003 noallac
1072 1936 1146 2001 red·
1198 1940 1297 2003 batur
1327 1936 1372 2002 ad
1403 1935 1603 2023 placandam
1629 1937 1712 2003 iram
1739 1934 1819 2017 Dei,
1851 1946 1885 2001 et
1912 1933 2092 2001 litauerunt
2116 1933 2177 2001 ali-

166 2023 287 2101 dimns,
304 2033 341 2088 vt
362 2043 438 2088 enm
460 2022 589 2088 honore
610 2018 806 2089 afficiamus.
851 2022 938 2090 Sunt
959 2034 1070 2088 autem
1092 2038 1146 2086 aa·
1199 2023 1333 2110 wando
1361 2022 1515 2089 irumonis
1536 2019 1676 2107 hostijs,
1706 2019 1864 2088 fortassis
1895 2022 1974 2108 quia
2002 2022 2177 2087 audierant

165 2107 283 2193 crificij
317 2109 449 2192 species
481 2109 653 2193 proximae
680 2108 784 2189 duas,
815 2127 880 2174 nec
909 2119 987 2174 sunt
1043 2104 1146 2174 iuras.
1198 2108 1364 2195 quandam
1384 2107 1563 2175 humanam
1584 2108 1728 2174 hosdem
1748 2102 1954 2192 placatorum
1975 2106 2178 2173 essaDeura

165 2192 342 2268 Quoddam
375 2204 429 2259 est
464 2191 665 2259 sacrificium
699 2193 988 2278 propiciatorium,
1022 2194 1056 2258 td
1083 2203 1148 2271 cst,
1198 2194 1260 2259 toti
1282 2194 1398 2280 generi
1418 2192 1575 2260 humano.
1619 2192 1743 2260 Graeci
1764 2188 1855 2272 alibi,
1877 2192 2075 2278 reciperare,
2097 2190 2177 2258 alibi

165 2296 252 2364 opus
272 2277 530 2346 satisfactorium
557 2296 620 2362 pro
642 2276 760 2362 culpa,
783 2292 817 2345 at
837 2299 965 2364 poena,
998 2277 1065 2344 iroc
1094 2287 1148 2343 cst
1198 2280 1399 2367 arprpp‘parc
1415 2275 1678 2364 appellauerunt.
1722 2274 1828 2343 intelli
1875 2278 2035 2366 utigitur
2056 2275 2177 2344 Esaiae

165 2361 390 2431 reconcilians
401 2363 523 2442 Deum,
545 2383 608 2428 sen
619 2360 758 2449 placans
780 2365 864 2430 iram
876 2364 952 2443 Dei,
976 2382 1038 2429 eeu
1055 2363 1146 2450 quod
1199 2374 1232 2430 et
1253 2362 1381 2432 Paulus
1402 2364 1572 2432 Christum
1595 2361 1719 2431 factum
1741 2381 1822 2429 asse
1855 2364 1999 2450 wostiam,
2020 2360 2089 2429 lroc
2110 2374 2177 2443 est,

165 2461 314 2515 meretur
334 2448 412 2533 alijs
435 2450 662 2515 remissionem
673 2460 901 2534 peccatorum.
929 2447 1050 2515 Altera
1071 2467 1147 2534 spe·
1197 2446 1377 2536 piaculum,
1398 2451 1463 2517 vti
1489 2451 1559 2516 sius
1580 2451 1724 2530 merids,
1744 2468 1813 2515 non
1834 2450 1960 2515 nonne
1981 2445 2177 2515 mecumte-

166 2537 238 2601 cies
259 2545 313 2598 est
334 2534 533 2600 sacrificium
555 2533 778 2622 (ἐχαρισιικόν,
799 2534 891 2622 quod
912 2553 980 2601 non
1002 2545 1148 2601 meretur
1197 2546 1290 2602 retur
1310 2533 1418 2602 Dens.
1488 2547 1589 2602 nuent
1608 2554 1693 2624 ergo
1709 2534 1777 2601 troc
1798 2536 1966 2615 incanae,
1986 2534 2078 2619 quod
2100 2531 2178 2600 scia

166 2619 398 2687 remissionem
416 2631 643 2703 peccatorum,
665 2630 725 2685 ant
744 2616 1063 2700 reconciliationem,
1084 2621 1147 2685 sed
1197 2638 1290 2687 mors
1317 2619 1444 2686 christi
1475 2631 1528 2687 est
1556 2640 1637 2696 vere
1707 2620 1932 2706 opiciatcrium
1964 2618 2177 2686 meduan.

166 2706 205 2772 fit
225 2726 248 2771 a
269 2704 506 2786 reconciliatis,
528 2717 565 2772 vt
585 2724 649 2791 pro
666 2717 807 2791 accepta
818 2705 1015 2807 remissione
1025 2724 1146 2792 pecca·
1196 2707 1283 2772 Nam
1303 2704 1454 2772 Leuitico
1480 2703 1542 2774 illa
1571 2707 1660 2773 ascri
1685 2707 1739 2773 cia
1765 2705 2018 2791 propiciatorio,
2050 2716 2178 2771 mutum

6 2763 8 2767 ⁷
55 2832 58 2838 ·
166 2800 289 2870 torum,
311 2802 346 2856 et
367 2812 429 2878 pro
451 2789 531 2877 alija
553 2790 727 2878 beneflcija
747 2791 910 2877 acceptis,
930 2803 1148 2880 pretrasaga·
1197 2791 1249 2856 sic
1270 2810 1314 2877 ap
1382 2793 1526 2859 abantm·
1550 2793 1595 2858 ad
1622 2791 1877 2879 significandum
1897 2788 2044 2858 futurum
2065 2792 2178 2877 piaco

166 2874 767 3049 ffli’islii‘dissid‘ffiirn,
789 2981 912 3050 mm,
936 2981 996 3028 n.
1010 2971 1147 3048 men
1197 2873 1773 3030 litumt’itittii'iiiit
1807 2877 2178 3049 ,dictinii
2254 2941 2257 2948 ²

168 3058 203 3115 et
222 3050 257 3114 in
286 3046 625 3130 haccontrouersia,
657 3058 690 3113 at
711 3046 744 3113 in
766 3046 844 3115 ali‘s
865 3064 897 3113 m
936 3048 978 3114 tls
1000 3049 1147 3133 disputa·
1197 3044 1455 3115 excluderentur
1474 3049 1529 3114 isti
1541 3050 1842 3137 quipaccaaerant.
1873 3043 2053 3114 Debebunt
2062 3058 2174 3114 auten

168 3133 321 3201 clunibus
343 3133 376 3198 in
399 3144 596 3219 conspectu,
618 3144 650 3199 at
671 3135 754 3199 cbo
812 3152 853 3199 cs
864 3135 994 3219 positas
1007 3133 1147 3213 habete,
1198 3151 1337 3200 cessare
1402 3145 1436 3199 st
1460 3133 1646 3201 reueletum
1667 3131 1897 3222 Euangeiium.
1941 3132 1986 3199 Et
2007 3133 2084 3218 qaia
2104 3148 2178 3198 ces·

168 3230 202 3297 et
223 3220 274 3284 sin
323 3215 385 3293 lari
406 3219 577 3307 diligentia
599 3220 782 3286 cauendum
800 3230 865 3299 est,
887 3216 1148 3287 naconfundau·
1197 3220 1329 3285 sarain
1350 3153 1526 3307 &angelii
1555 3218 1761 3288 reuelatione
1788 3216 1973 3298 debebant,
1994 3237 2064 3284 non
2080 3228 2178 3284 erant

167 3315 233 3370 tur.
333 3305 426 3370 odsi
446 3306 566 3370 modus
588 3304 688 3371 huius
709 3301 976 3390 libripateretnr,
998 3306 1148 3371 rationes
1196 3325 1278 3371 vere
1300 3307 1570 3390 propiciationes,
1591 3325 1668 3373 cnm
1688 3301 1908 3393 Euangelium
1936 3304 2014 3371 idac
2036 3303 2178 3392 promis·

167 3387 268 3456 huius
288 3390 460 3455 diuisionis
479 3391 691 3457 adderemus.
723 3389 834 3456 Habet
852 3387 1149 3457 enimsatismulta
1196 3390 1350 3469 sumsit,
1372 3402 1409 3457 vt
1430 3389 1586 3458 emineat
1607 3391 1891 3478 propiciationem.
1930 3395 1935 3402 '

167 3475 357 3542 testimonia
377 3478 411 3541 in
424 3474 575 3561 Epistola
596 3479 640 3543 ad
651 3475 781 3543 Bhrens
800 3484 835 3540 ct
854 3473 945 3542 alibi.
978 3476 1021 3544 lit
1037 3477 1148 3543 omnia
1282 3474 1382 3542 Nunc
1403 3472 1464 3542 reli
1542 3488 1633 3544 *sunt
1658 3474 1825 3544 sacrificia
1850 3472 2061 3559 sigemund,
2088 3489 2178 3557 quae

89 3626 93 3633 .
168 3560 336 3628 sacrificia
347 3560 498 3628 Leuitica
508 3564 553 3628 ad
563 3561 648 3630 haec
669 3563 818 3630 mambra
838 3558 969 3641 referri,
989 3574 1046 3628 tau
1069 3579 1148 3626 uam
1197 3571 1363 3627 vocantur
1394 3581 1455 3628 sac
1485 3562 1559 3628 ficia
1592 3560 1720 3633 laudis,
1776 3560 1956 3629 raedicatio
1984 3557 2079 3624 Euan
2137 3555 2175 3642 ij,

168 3648 213 3713 ad
234 3666 297 3712 sua
319 3645 651 3732 dcuriciliapcssnnt.
684 3646 989 3715 Dicebanturenim
1010 3582 1146 3734 inqiege
1196 3646 1294 3725 idea,
1311 3647 1490 3727 inuocatio,
1568 3648 1720 3714 tlarnma
1766 3669 1801 3726 ο,
1820 3640 2002 3724 confessio,
2017 3639 2079 3709 afil
2092 3643 2176 3709 ctio·

169 3733 332 3820 quaedam
345 3731 759 3818 propiciatoriasacriiioia
775 3743 914 3818 propter
931 3731 1162 3818 significatio»
1195 3748 1258 3798 nes
1279 3742 1482 3817 sanctorum,
1519 3753 1573 3799 mo
1595 3733 1707 3799 omnia
1727 3735 1819 3799 bona
1839 3748 1941 3818 opera
1967 3739 2176 3796 sanctorum.

104 3879 109 3889 .
168 3836 258 3898 nen,
282 3838 343 3883 seu
364 3817 627 3898 similitudinem,
658 3838 726 3883 non
777 3818 846 3884 uod
867 3830 1074 3885 mererentur
1095 3835 1148 3882 re·
1197 3816 1290 3883 ilaec
1308 3816 1478 3884 menfica
1497 3836 1566 3883 non
1588 3830 1667 3884 sunt
1684 3816 1936 3885 satisfactiones
1951 3811 2175 3902 proiacienti·
2271 3894 2274 3899 Ι

168 3905 364 3971 missionem
385 3914 598 3987 peccatorum
620 3923 734 3971 coram
790 3923 843 3970 eo.
887 3902 957 3970 Sed
979 3903 1058 3990 qnia
1078 3917 1147 3968 mc·
1196 3904 1274 3983 bue,
1294 3899 1350 3969 vel
1371 3899 1592 3990 applicabiles
1608 3922 1671 4054 pro
1691 3902 1783 3988 aiijs,
1802 3921 1893 3991 quaa
1913 3912 2104 3968 mereantur
2126 3899 2175 3964 eis

168 3992 328 4056 rebantur
348 3989 578 4055 remissionem
603 4002 816 4076 peccatorum
843 3990 1028 4056 amodum
1054 3989 1148 4055 iusti·
1197 4008 1284 4054 exo
1387 4000 1525 4075 operato
1547 4009 1616 4055 rem
1629 3991 1778 4058 saionem
1798 3999 2026 4075 peccatorum,
2046 4005 2109 4051 sen
2124 4002 2175 4049 ra·

171 4077 258 4144 cium
278 4072 377 4161 legis,
398 4094 442 4140 ne
463 4071 510 4140 iili
532 4096 594 4159 pro
617 4076 737 4162 quibua
752 4072 1148 4142 debentaucludarentar
1198 4093 1263 4141 con
1308 4075 1477 4140 lationem.
1512 4075 1610 4141 liinnt
1631 4076 1718 4142 enim
1734 4094 1757 4141 e
1772 4071 2009 4142 reconciliatis.
2044 4067 2177 4136 Ettaiia

170 4164 214 4227 ab
234 4159 432 4245 istapclitia.
463 4156 672 4227 Dicebantur
691 4162 804 4247 itaqua
818 4179 881 4246 pro
905 4161 1065 4241 iciatcria,
1086 4180 1148 4246 pro
1197 4171 1277 4226 sunt
1297 4157 1467 4227 murificia
1483 4162 1563 4227 noui
1580 4162 1780 4241 testamemi
1801 4155 2132 4227 sicutdocatf’etras
2144 4156 2174 4219 l.

166 4259 323 4335 peccato,
344 4267 406 4357 pro
424 4244 562 4326 delicto,
582 4245 661 4313 holo
704 4259 826 4313 ustum.
897 4243 931 4312 la
951 4254 1149 4312 vetuerant
1198 4244 1289 4312 Petri
1309 4245 1345 4332 ij.
1383 4246 1614 4314 Sacerdotium
1633 4255 1856 4319 suammet
1875 4243 2026 4311 offeratis
2046 4241 2176 4308 emtas

169 4331 364 4418 adpaprersaea
386 4327 525 4424 ubhdc,
549 4331 642 4398 libati
697 4331 945 4404 retribmiones,
968 4331 1148 4417 primiciae,
1198 4329 1403 4418 spirituales.
1447 4330 1670 4418 opponuntur
1690 4344 1801 4399 autem
1820 4329 1954 4396 hostiae
1974 4323 2177 4415 spirituales,

170 4419 330 4484 decimae.
1198 4436 1267 4483 non
1289 4427 1416 4484 tantmn
1431 4419 1636 4503 paradinus,
1658 4419 1720 4482 sad
1736 4418 1834 4485 etiam
1844 4414 1997 4482 hamanis
2103 4414 2177 4490 bus,

257 4505 324 4571 Sed
347 4523 467 4569 reuera
493 4503 627 4570 unicum
654 4511 782 4568 tantum
803 4501 838 4566 in
858 4502 982 4569 mundo
1010 4497 1072 4567 fnit
1093 4520 1149 4568 sa·
1198 4522 1241 4569 ex
1262 4522 1368 4589 opera
1389 4511 1531 4589 operato
1553 4499 1694 4582 oblatis,
1715 4503 1794 4655 puis
1814 4498 2027 4588 spirituales
2071 4497 2179 4584 ,ilicet

169 4585 331 4656 crificiom
352 4588 639 4675 propiciatorium,
661 4585 819 4653 videlicet
838 4607 932 4654 mors
955 4585 1092 4666 Ghdsti,
1111 4598 1149 4651 vt
1198 4599 1310 4655 motus
1331 4588 1467 4673 spiritns
1489 4588 1597 4653 sancti
1618 4588 1653 4653 in
1673 4606 1719 4655 no
1741 4591 1781 4655 is.
1825 4587 1915 4652 idem
1938 4587 2039 4653 docet
2080 4582 2178 4650 auius

165 4672 271 4741 docet
281 4673 433 4759 Epistola
449 4675 493 4740 ad
511 4672 642 4739 Ebreos
664 4691 752 4761 quae
772 4672 828 4738 ait.
861 4671 1075 4762 impossibile
1096 4683 1149 4738 est
1198 4672 1316 4740 ltoma.
1338 4675 1397 4758 xij.
1440 4671 1604 4740 lixhilrata
1634 4692 1780 4761 corpora
1799 4685 1936 4752 vestra,
1966 4671 2112 4738 hostiam
2133 4667 2181 4733 ei·

167 4778 230 4826 san
279 4760 333 4824 iue
355 4772 527 4828 taurorum
548 4771 583 4850 at
604 4757 773 4825 hircorum
785 4753 910 4825 austeri
922 4770 1072 4846 peccata.
1105 4754 1149 4824 Et
1198 4770 1352 4839 nentem,
1383 4769 1556 4839 sanctam,
1589 4758 1715 4826 cultam
1742 4752 1947 4826 rationalem.
2002 4753 2180 4843 Significat

163 4850 235 4934 '⁹⁸¹¹
250 4857 372 5000 0111ῗῖ
392 4845 632 4999 ‘'iiiii'i‘
648 4841 867 4997 31ῗίιὲοὲ
885 4864 954 4998 33⁸
975 4841 1149 4997 *iiiii
1199 4859 1315 4997 titi
1332 4835 2181 4998 ittei⁰it¹inu¹i¹⁰irt⁰titttdl

166 4944 295 5086 amp
316 5015 431 5085 semel.
475 5016 518 5083 lit
594 5019 668 5084 aias
695 4951 1080 5118 interpretamrrffgem,
1111 5026 1149 5083 vt
1199 4953 1331 5096 miris:
1354 5028 1390 5083 et
1421 4952 1564 5084 fiducilss
1591 5035 1675 5102 erga
1701 4974 1823 5083 Deum.
1867 5011 2056 5101 opponitur
2080 5011 2182 5098 igitur

167 5106 315 5172 sciamus
343 5116 484 5170 mortem
511 5101 636 5169 Christi
663 5123 744 5170 vere
775 5121 854 5169 esse
880 5101 1147 5170 satisfactionem
1198 5098 1399 5170 nouaclum
1418 5099 1521 5168 cultui
1541 5101 1710 5182 Leuitmo,
1736 5102 1772 5191 in
1793 5121 1862 5189 qno
1968 5100 2032 5165 des
2053 5108 2181 5165 macta·

74 5214 75 5218 ¹
167 5210 231 5276 pro
252 5192 402 5276 peccatis
429 5189 573 5261 nostris,
606 5208 669 5254 seu
690 5189 931 5273 expiationem,
959 5209 1028 5256 non
1056 5208 1148 5257 cere·
1200 5192 1340 5270 bantur,
1370 5188 1434 5254 sed
1453 5189 1554 5255 etiam
1578 5184 1702 5268 cuitd,
1728 5188 1766 5254 ita
1784 5207 1852 5275 qao
1898 5187 2010 5275 opiter
2028 5203 2117 5271 epea
2139 5201 2183 5250 aa

167 5278 299 5344 monim
318 5277 425 5365 legis,
457 5293 564 5363 quara
594 5274 651 5339 ait.
693 5273 877 5360 Postquam
903 5275 1056 5371 posteri
1076 5274 1147 5342 ani·
1200 5293 1304 5363 apae
1342 5284 1483 5360 operato
1514 5271 1637 5342 mart
1692 5272 1784 5342 lde·
1816 5273 1918 5341 docet
1947 5267 2104 5357 Epistola
2138 5267 2183 5336 ad
