4694 6038
49 3724 53 3733 ·
164 3695 245 3761 bent
265 3695 535 3763 aduersariorum
556 3700 694 3765 abusus.

171 349 240 417 bib
524 349 564 417 ll.
607 349 840 419 anomala
860 351 1178 423 comestorem
1198 350 1519 437 AUGUSTANAE.
1559 351 1602 422 tt.
1643 351 1837 423 aumas
2114 347 2182 429 m

168 549 220 603 tra
248 537 431 603 secundum
459 548 683 623 praeceptruu.
738 537 882 603 Primum
917 540 1004 604 enim
1031 549 1147 605 contu·
1197 533 1384 623 Apostolis.
1415 541 1583 626 ¹Apparet
1608 540 1711 628 igitur
1737 541 1891 606 Graecos
1916 550 2074 624 tanquam
2103 559 2183 625 gra·

167 620 267 689 melia
297 634 351 688 est
377 620 571 709 Euangelij,
597 625 722 690 sentire
754 625 845 708 quod
875 626 1082 704 ceremonia,
1103 647 1147 691 ex
1196 627 1314 690 timum
1346 626 1513 693 actionem
1545 624 1687 702 offerre,
1719 645 1788 691 uon
1821 621 1989 710 applicare
2020 634 2181 710 tanquam

165 720 471 860 histilia
496 706 979 880 titsiitdisiitii.
995 713 1146 862 ”iiii
1196 707 1587 882 iiilli‘lliiiulffl..
1610 707 2183 880 ‘'timiitt'ssh‘hmd

392 839 403 872 ‚
981 841 990 860 ,
1133 831 1147 846 .

165 876 242 946 bilis
275 879 382 944 oratio
409 891 479 959 est,
513 880 705 945 tantundem
734 880 880 947 tribuere
910 882 1005 966 operi
1032 901 1147 947 sacer·
1195 881 1305 968 guinis
1337 880 1490 962 Domini,
1521 881 1592 949 Sed
1624 885 1667 950 ds
1694 880 1833 968 reliquis
1859 878 1985 946 llissae
2017 881 2179 963 partibus,

166 965 274 1043 dotis,
308 976 466 1050 quantum
498 965 596 1030 morti
626 964 761 1032 Christi.
810 965 940 1033 Deinde
995 979 1146 1033 occatum
1196 965 1354 1034 videlicet
1375 968 1581 1034 orationibus
1602 981 1636 1035 et
1658 968 1836 1055 gratiarum
1857 965 2053 1032 actionibus.
2092 965 2180 1031 llam

166 1062 200 1117 et
227 1068 318 1114 mors
344 1070 411 1116 non
438 1062 584 1135 possunt
610 1051 698 1117 vinci
724 1053 789 1117 nisi
816 1051 883 1118 lide
904 1055 938 1117 iu
966 989 1147 1133 llnrtstum,
1196 1062 1273 1137 post
1295 1053 1579 1120 consecrationem
1621 1064 1791 1131 recantat,
1814 1061 1851 1117 vt
1871 1050 2079 1117 sumentibus
2102 1071 2179 1136 pro·

166 1136 256 1201 sicut
275 1132 400 1201 Paulus
423 1137 541 1214 docet,
562 1135 732 1202 iustificati
753 1156 797 1202 sx
817 1136 885 1202 lide
905 1157 1024 1222 pacem
1045 1139 1148 1204 habs·
1196 1138 1256 1216 sit,
1288 1157 1356 1204 nou
1386 1135 1568 1224 loquuntur
1594 1075 1637 1206 ile
1670 1136 1758 1223 alijs.
1814 1133 1945 1202 Deinde
1981 1136 2107 1203 addunt
2134 1137 2181 1200 ἔντ

165 1240 252 1298 mus,
276 1240 378 1305 quare
398 1242 467 1288 non
487 1233 600 1306 potest
621 1221 709 1288 vind
730 1241 841 1306 poena
861 1224 1066 1309 purgatarij,
1088 1244 1148 1309 ap·
1196 1222 1404 1309 πραςφέραμέν
1438 1245 1489 1289 σον,
1514 1222 1567 1304 τήν
1603 1221 1803 1306 λαγτννὶνθθῦ
1833 1221 1943 1302 ταύτην
1969 1223 2180 1302 torpetem)

165 1304 345 1392 plicatione
366 1304 465 1372 alieni
486 1308 609 1390 operis.
1198 1307 1276 1394 tinio
1304 1311 1374 1374 τόν
1392 1314 1423 1373 ἐν
1448 1317 1551 1375 τιίατεν
1570 1307 1828 1390 ammonem
1847 1306 2068 1394 προπατόρων,
2090 1313 2180 1373 κατέ·

251 1391 448 1459 omittemus
470 1394 534 1458 lam
556 1390 666 1477 qualia
683 1391 829 1457 habeant
848 1392 1034 1476 aduersaiij
1056 1395 1147 1460 besil·
1170 1397 1174 1473 Ι
1196 1417 1273 1481 tiis,
1294 1396 1499 1481 πατρναρχῶν,
1519 1397 1695 1482 προφητῶν,
1716 1386 1893 1459 ἀποστόλων
1914 1404 1979 1458 etc.
2010 1395 2058 1459 At
2079 1389 2182 1474 tnta»)

166 1477 276 1542 monia
312 1475 354 1541 de
391 1479 602 1581 pupgaton'o,
640 1474 760 1563 quales
799 1478 987 1545 existiment
1018 1481 1174 1621 menas!
1338 1567 1346 1585 .
1511 1565 1554 1586 ..
2254 1456 2268 1489 ⁰

164 1561 898 1734 ti0532ffi⁰tei⁰⁸ii.ltbti.tiiit
919 1564 1147 1716 “iiiiii
1166 1631 1173 1656 ²
1195 1578 1379 1734 :iith-
1397 1568 1774 1734 imitabili.
1789 1560 2181 1734 ,Qdioli‘ffiliiii

165 1751 254 1798 esse.
298 1729 385 1798 lilud
415 1744 545 1799 tautum
571 1755 795 1820 opponemus,
828 1732 964 1801 Certum
992 1746 1045 1800 est
1067 1756 1144 1802 coe·
1195 1747 1330 1802 veteres
1352 1733 1443 1822 loqui
1472 1737 1515 1802 de
1538 1738 1689 1802 oratione
1715 1756 1778 1821 pro
1799 1733 1960 1813 mortuis,
1990 1753 2089 1819 quam
2111 1752 2176 1800 uos

164 1838 240 1883 nam
267 1816 402 1883 Domini
427 1819 609 1886 institutam
638 1839 717 1886 esse
748 1830 886 1905 propter
916 1821 1145 1886 remissionem
1195 1841 1264 1887 non
1285 1821 1511 1906 probibemus,
1533 1822 1594 1887 sed
1614 1818 1870 1907 applicationem
1894 1837 2020 1884 coenae
2042 1817 2177 1885 Domini

164 1899 293 1987 culpas.
338 1903 445 1970 Oii‘ert
465 1906 552 1970 euim
573 1906 802 1973 remissionem
829 1917 1062 1990 peccatorum,
1089 1907 1146 1973 vbi
1195 1929 1258 1991 pro
1285 1907 1442 1987 mortuis,
1464 1927 1507 1972 ex
1527 1927 1630 1991 opere
1659 1917 1798 1989 operato
1821 1905 2060 1988 improbamus.
2104 1903 2179 1972 Nec

165 2007 308 2057 necesse.
329 2004 482 2055 estsere
504 1988 635 2076 culpam
657 1988 855 2079 intelligere.
888 1989 930 2057 Et
951 2003 1062 2057 tamen
1082 2012 1144 2077 pro
1195 1994 1445 2143 &succinuntur
1465 1992 1673 2075 aduersarijs
1695 2000 1829 2057 veteres
1852 1991 1895 2053 de
1911 2002 2177 2073 operaoperato.

165 2072 263 2159 culpa
283 2094 351 2140 nou
373 2072 555 2155 satisfacit,
577 2074 701 2164 alioqui
723 2076 830 2142 blissa
851 2087 945 2142 esset
964 2096 1026 2163 par
1047 2077 1146 2143 morti
1225 2089 1239 2144 t
1260 2089 1297 2143 rt
1316 2078 1457 2145 manne
1477 2078 1633 2165 Gregorij
1655 2087 1712 2143 aut
1738 2075 1961 2142 recentiorum
1991 2075 2179 2141 testimonia

164 2158 301 2226 Christi.
344 2159 416 2225 Nec
442 2160 596 2228 remissio
625 2159 744 2246 cnlpae
771 2161 878 2247 accipi
903 2174 1015 2246 potest
1036 2158 1146 2243 aliter,
1195 2161 1357 2241 babeant,
1390 2182 1457 2229 nos
1483 2184 1527 2248 op
1552 2162 1681 2228 enimus
1709 2160 1935 2238 clarissimas,
1970 2168 2004 2224 et
2032 2160 2181 2225 certissi-

164 2246 228 2309 nisi
259 2242 336 2310 lide.
385 2244 489 2333 igitur
521 2246 628 2312 lilissa
655 2267 722 2312 nou
750 2258 804 2314 est
835 2245 1044 2327 satisfactio,
1076 2247 1145 2314 sod
1195 2266 1268 2315 mas
1291 2248 1488 2332 scripturas.
1526 2183 1570 2313 lt
1585 2257 1717 2331 patrum
1733 2265 1855 2332 magna
1873 2241 2104 2311 dissimilitudo
2115 2254 2177 2313 est.

164 2331 342 2415 promissio
373 2342 409 2396 et
441 2342 688 2399 sacramentum
720 2336 893 2420 requirens
925 2332 1036 2401 iidem.
1091 2333 1146 2399 Aa
1196 2335 1355 2400 Homines
1382 2345 1475 2398 erant
1503 2343 1538 2398 et
1564 2330 1632 2399 labi
1657 2352 1700 2398 ac
1720 2332 1829 2418 decipi
1857 2340 2022 2416 poterant.
2067 2329 2178 2403 Quan-

189 2411 318 2481 roiecto
351 2435 495 2482 necesse
527 2429 581 2482 est
607 2438 723 2483 omnes
751 2422 825 2504 pios
847 2419 1065 2484 acerbissimo
1087 2417 1145 2484 dc·
1195 2418 1351 2504 quamsi
1378 2439 1469 2484 nuuc
1496 2418 1735 2485 reuiuiscerent
1761 2437 1804 2483 ac
1825 2416 1977 2481 viderent
2005 2434 2067 2480 sua
2090 2414 2180 2482 dicta

1195 1486 1318 1565 tarpeio
1338 1499 1407 1546 uon
1427 1480 1595 1566 siguificat
1614 1481 1721 1565 ipsam
1742 1478 1898 1557 bostiam,
1920 1477 1990 1543 Sed
2008 1478 2181 1544 orationes

177 2521 238 2567 ore
259 2498 367 2578 affici,
394 2502 425 2567 si
445 2503 593 2588 cogitent
614 2503 753 2569 Missam
775 2524 896 2589 ungria
922 2523 966 2569 eu
986 2513 1081 2586 parte
1101 2503 1146 2568 ad
1195 2505 1345 2587 praetexi
1372 2501 1549 2571 luculentis
1569 2501 1637 2571 iliis
1662 2502 1847 2584 mendacijs
1891 2519 1955 2565 uae
1977 2500 2101 2566 docent
2121 2501 2179 2565 ad·

165 2597 316 2651 mortuos
338 2599 372 2651 et
394 2587 437 2650 ad
454 2583 702 2654 mtbiactiones
724 2610 786 2671 pro
807 2588 923 2674 poeuis
945 2584 1146 2653 translatam
1194 2589 1336 2674 nemarij
1357 2588 1401 2653 de
1427 2607 1532 2674 opere
1552 2602 1710 2674 operato,
1737 2585 1838 2672 longe
1860 2523 1959 2652 illiter
1985 2586 2109 2671 seipsi
2130 2587 2181 2651 iu·

166 2691 255 2750 esse,
276 2670 352 2738 lloc
373 2682 438 2749 est,
459 2669 578 2739 tollere
598 2674 677 2759 iuge
698 2672 898 2740 sacriiicium
920 2692 962 2738 ex
979 2669 1146 2752 Ecclesia,
1195 2684 1465 2758 terpretarentur.

164 2754 231 2822 boc
252 2768 306 2822 est
322 2756 480 2823 Antiochi
502 2778 654 2844 reguum,
675 2758 731 2844 qui
748 2757 988 2825 saluberrimas
1004 2758 1147 2843 promis·
1282 2758 1386 2826 Falso
1420 2760 1518 2824 etiam
1549 2757 1653 2825 citant
1678 2755 1863 2841 aduersarij
1885 2765 2003 2820 contra
2030 2775 2095 2822 nos
2123 2757 2180 2824 da·

165 2842 279 2908 sioucs
300 2842 343 2906 de
363 2843 569 2908 remissione·
582 2841 717 2928 culpae,
748 2846 791 2909 de
812 2843 890 2922 lide,
911 2840 1080 2909 transtulit
1101 2842 1146 2909 ad
1195 2844 1395 2911 muatiouem
1404 2842 1511 2929 Aerij,
1534 2862 1632 2930 quem
1654 2843 1769 2908 dicunt
1789 2852 1966 2926 propterea
1987 2840 2178 2908 damnatum

164 2927 365 2993 vanissimas
395 2929 570 3019 opiniones
598 2930 640 2996 de
661 2928 961 3008 satisfactionibus,
994 2929 1071 2996 lioc
1092 2939 1146 2994 est
1196 2949 1286 3010 esse,
1308 2931 1400 3015 quod
1421 2931 1594 3032 negauerit
1612 2930 1646 2993 iu
1667 2927 1775 2994 ldissa
1797 2923 2000 2992 oblationem
2021 2924 2096 3001 fieri
2139 2947 2179 2993 ro

164 3009 382 3098 Euangelium
405 3015 649 3094 contaminare,
682 3035 894 3103 corrumpere
912 3034 1010 3081 usum
1032 3033 1145 3080 sacra·
1195 3016 1339 3082 uatem
1364 3026 1514 3081 mortuus.
1558 3014 1670 3099 Saepe
1695 3013 1763 3081 boc
1785 3009 1901 3078 colore
1922 3021 2074 3090 rtuntur,
2097 2949 2180 3078 alle

118 3177 124 3184 ,
164 3107 359 3165 mentorum.
413 3097 456 3165 lli
487 3115 566 3167 suut
594 3121 680 3186 quos
709 3098 834 3167 Paulus
862 3100 945 3166 dixit
966 3120 1045 3165 reos
1067 3118 1163 3196 essa¹
1195 3113 1278 3188 gant
1299 3111 1434 3167 vetares
1455 3099 1628 3179 haereses,
1648 3109 1682 3165 et
1702 3119 1777 3164 curm
1798 3098 1851 3164 bis
1873 3092 1962 3163 falso
1985 3107 2182 3182 comparant

165 3183 316 3334 hii
329 3195 374 3333 ii
392 3186 845 3338 militiadis?
869 3197 1066 3338 titiis
1087 3185 1146 3335 ‘li
1195 3196 1573 3338 statuitis
1585 3181 2180 3336 indissimilitas

164 3362 198 3418 et
220 3354 416 3439 sauguinem
429 3319 560 3422 Dlumini
583 3355 838 3442 adsacrilegnm
860 3292 1032 3423 pluistum
1049 3290 1146 3441 pllio·
1194 3293 1340 3442 agappro
1361 3357 1501 3422 mortuis
1521 3356 1590 3422 siut
1610 3353 1753 3422 inutiles
1793 3352 1831 3420 ld
1854 3315 1952 3438 repre
1977 3353 2079 3419 cudit.
2112 3352 2180 3420 Ne·

164 3449 257 3504 textu
284 3436 548 3507 satisfactionum
584 3439 806 3509 contulerunt.
855 3378 901 3508 lt
921 3442 1021 3508 buius
1042 3443 1146 3508 sacri-
1195 3463 1260 3528 que
1289 3460 1353 3508 nos
1376 3441 1478 3508 Aerio
1500 3442 1765 3527 patrocinemur,
1790 3439 1853 3505 sed
1875 3439 2050 3506 vobiscum
2070 3435 2180 3524 litiga·

162 3525 240 3610 iegij
273 3543 401 3611 poenas
433 3522 612 3612 aliquando
644 3528 790 3607 dabunt,
822 3527 934 3601 Quare
961 3527 1146 3593 cauendum
1195 3548 1286 3607 mus,
1313 3526 1369 3614 qui
1389 3527 1547 3594 haeresin
1573 3523 1748 3592 manifeste
1797 3535 1977 3626 uguautem
1999 3545 2074 3590 cum
2096 3523 2179 3589 Pro·

164 3621 218 3675 est
246 3610 344 3676 nobis
371 3621 406 3674 et
427 3613 580 3679 omnibus
608 3612 675 3699 pijs
697 3613 933 3700 conscientijs,
960 3631 1003 3678 ne
1023 3633 1146 3699 appto·
1196 3615 1331 3766 phoge1²
1347 3611 1545 3764 Apogzrlslisoz
1568 3623 1603 3678 et
1623 3546 1931 3761 shipnsfiatzrpus
1952 3606 2099 3759 &2¹⁰⁵oe
2121 3611 2179 3761 dte·

1479 3719 1489 3762 ι
1616 3716 1660 3763 αα
1908 3716 1928 3759 o
2038 3716 2059 3760 o
2103 3716 2142 3761 ra
2156 3716 2179 3761 o

250 3780 319 3847 Sed
351 3782 527 3849 redeamus
559 3785 603 3851 ad
632 3804 779 3852 eausam.
831 3782 916 3851 Cum
942 3781 1049 3849 liliosa
1076 3805 1146 3850 uon
1196 3719 1372 3866 tlslttfiesl,
1388 3719 1510 3871 Vlquael
1534 3719 1699 3849 mallemus
1729 3715 1961 3848 remisstousll
1992 3715 2113 3864 cellule
2144 3794 2179 3849 et

163 3866 208 3930 sit
228 3862 435 3944 satisfactio,
463 3886 527 3932 nec
548 3888 611 3953 pro
630 3888 756 3954 poena,
788 3889 853 3935 uec
875 3890 936 3954 pro
957 3867 1074 3954 culpa,
1102 3890 1145 3937 ex
1196 3890 1344 3957 poenae,
1377 3871 1476 3937 etiam
1503 3869 1651 3948 iniustis,
1677 3885 1739 3953 pro
1767 3867 1889 3952 quibus
1911 3862 2114 3951 applicatur,
2147 3868 2179 3934 si
2280 3872 2282 3876 '

164 3968 267 4036 opere
300 3951 671 4101 opefato,·t31iucflde,
702 3954 728 4020 S
772 3958 860 4020 uitur
891 3952 1145 4038 applicationem
1197 3977 1264 4060 pon
1293 3968 1420 4040 ponant
1433 3958 1487 4033 91)
1514 3955 1656 4020 obicem.
1708 3951 1782 4058 Hos
1812 3951 2021 4056 perniciosos
2043 3971 2177 4056 errores

177 4046 575 4209 grlgirlllnllitlplllleiolull.
606 4058 751 4190 lisslrlsmt
768 4059 861 4189 llll
880 4037 1145 4210 ‹llrlludolllletlplf
1196 4036 1828 4191 lllproeli35⁹olllrlllnlrldurltlctsrllrlulrlsm
1862 4142 1882 4189 c
1913 4035 2177 4190 lllslllirllhllllsetll

163 4205 360 4292 plicationes
371 4226 443 4292 pro
466 4209 603 4275 mortuis
625 4206 720 4276 nulla
740 4207 886 4274 babeant
907 4229 948 4275 ex
969 4210 1144 4293 scripturis
1196 4209 1233 4277 st
1344 4208 1406 4276 fuit
1425 4209 1600 4293 persuasio
1626 4207 1801 4293 impiorum
1823 4210 1856 4273 in
1878 4205 1973 4294 lege,
1995 4209 2086 4292 quod
2108 4230 2176 4276 me·

162 4293 361 4360 testimonia.
411 4291 483 4359 Nec
511 4304 618 4360 tutum
644 4306 698 4360 est
724 4293 760 4360 in
780 4292 937 4361 Ecclesia
963 4294 1073 4373 cultus
1095 4296 1144 4359 irr-
1195 4307 1349 4363 rerentur
1363 4299 1416 4375 ⁹²)
1447 4295 1675 4362 remissionem
1702 4303 1938 4378 peccatorum,
1965 4313 2034 4358 uon
2057 4296 2175 4380 gratis,

163 4379 319 4458 stituere,
352 4378 425 4442 siue
457 4381 631 4447 autoritate
662 4380 859 4466 scripturae.
907 4380 951 4447 Et
978 4381 1008 4447 si
1032 4381 1144 4447 uaudo
1239 4380 1396 4462 riidem,
1417 4380 1479 4446 sed
1499 4401 1560 4466 per
1580 4376 1747 4445 sacrificia
1767 4399 1811 4445 ex
1832 4399 1936 4464 opere
1957 4393 2107 4465 operato.
2121 4384 2175 4461 ⁹⁸)

163 4483 249 4547 opus
268 4465 331 4570 erit
351 4462 513 4548 prolixius
534 4466 581 4617 del
596 4475 668 4531 tota
689 4486 728 4532 re
748 4466 908 4617 diceimus.
950 4401 1143 4617 Quiffideniur
1210 4478 1309 4554 taque
1331 4468 1501 4556 augebant
1521 4462 1599 4532 illos
1620 4461 1730 4532 cultus
1752 4476 1786 4531 st
1807 4464 1992 4544 sacrificia,
2024 4466 2175 4533 institue·

162 4569 252 4615 nuuc
272 4570 417 4615 uremur
443 4570 519 4617 curu
539 4571 562 4617 a
582 4552 743 4639 uersarijs
771 4573 816 4638 qu
856 4571 1010 4638 usqueq
1086 4571 1142 4617 sa·
1193 4605 1400 4620 ........

162 4634 1143 4809 αρενεερραρεραρνα,α
1193 4685 1400 4844 {sttui
1413 4683 1816 4842 iniustus

161 4802 320 4959 llgunllec
343 4891 494 4957 Graecus
523 4889 641 4958 Canon
672 4890 821 4979 applicat
846 4889 1048 4960 oblationem
1069 4902 1141 4959 tan·
1193 4861 1241 5013 {lg
1258 4857 1623 5012 gollffllzffpffl:

1066 5065 1128 5133 m
1192 5029 1240 5098 aa)
1258 5029 1431 5098 manantur]
1449 5030 1500 5083 nu
1518 5031 1543 5083 s.
1561 5034 1615 5097 sup.
1634 5045 1700 5082 m
1717 5036 1875 5083 usnemun

1128 5109 1139 5144 ν
1192 5117 1239 5182 0³)
1256 5131 1310 5197 uon
1329 5118 1425 5181 mstis,
1442 5129 1489 5181 per
1506 5113 1599 5178 iidem,
1616 5118 1662 5168 ssd
1679 5131 1727 5183 per
1743 5117 1873 5169 multicia
1891 5132 1925 5169 ex
1942 5133 2022 5184 opere
2039 5116 2170 5190 opuscul

160 5253 210 5320 aa)
228 5252 402 5320 smmum]
420 5253 470 5305 nu
489 5253 514 5304 a
531 5259 584 5321 ap.
602 5268 666 5305 m
683 5252 838 5317 mrum,
1059 5301 1064 5308 p
1259 5184 1661 5320 fflfflffidfftm
1684 5200 1718 5237 u
1741 5200 1821 5253 onore
1843 5195 1968 5252 operae,
1990 5202 2046 5239 uon
2069 5189 2169 5254 saepe

368 5368 517 5414 ΙΙΙΛΙῙΊΙ.
530 5369 613 5414 Dm
626 5369 692 5415 vot..
703 5370 797 5415 nvn.
1929 5358 1965 5411 40

162 4997 260 5062 quam
292 4975 555 5044 satisfactionem
553 4997 674 5131 ¹:mpure
706 4976 969 5145 mortpimpia
994 4975 1142 5129 applicat

163 5083 235 5130 eam
256 5064 382 5149 puriter
401 5065 552 5130 beatiso
621 5066 683 5131 bus
707 5063 795 5130 Patri
950 5064 1041 5151 Prop
