4702 6030
165 344 236 413 rae
539 296 545 305 ’
620 339 736 408 nun.
757 338 1072 412 transcurrere
1091 338 1363 409 uoonarwa
1382 342 1442 412 nr
1461 343 1735 418 sreeouca.
2113 347 2184 417 eae

169 536 248 586 dmue
266 533 365 597 aceeptl
380 530 440 582 Deo
457 537 564 595 propter
580 529 721 591 cerisium,
740 531 810 593 quod
827 529 899 580 boue
916 542 998 594 opera
1014 543 1069 578 non
1085 528 1145 577 rod·
1165 525 1174 595 Ῑ
1194 528 1346 581 Beruerdus
1363 532 1460 583 iatetrrr
1477 549 1524 585 aue
1542 551 1622 602 opere
1639 552 1693 593 uon
1711 550 1769 587 esee
1792 537 1874 600 digna
1894 537 1951 586 uita
1972 543 2094 600 aeterne,
2118 554 2181 591 en

170 604 236 653 dent
260 608 378 666 pacatam
401 600 595 649 conscientiam.
636 597 679 646 Ex
705 598 745 647 hie
772 599 890 648 omnibus
914 599 1045 661 sequitur,
1074 597 1146 661 quod
1169 598 1173 637 l
1195 599 1294 661 inquit,
1312 602 1413 663 perdite
1431 602 1495 665 ulei,
1512 603 1566 655 Sed
1584 607 1664 669 erigit
1680 619 1709 655 ae
1726 613 1753 655 et
1769 619 1842 668 spem
1857 605 1949 654 salutis
1972 607 2090 671 concipit
2106 607 2180 671 inde,

170 677 291 738 oporteat
307 670 413 730 sentire,
430 668 499 732 quod
516 672 622 732 propter
639 664 770 715 Christum
787 681 833 731 per
856 666 1074 724 misericordiam,
1091 678 1146 714 uon
1196 667 1268 729 quod
1285 670 1364 717 seuit
1379 677 1486 733 propter
1503 672 1634 723 Christum
1651 689 1698 739 per
1715 673 1920 723 misericordiam
1934 673 2030 723 donari
2047 677 2182 727 missio·

169 747 276 805 propter
293 738 391 801 legem,
408 736 541 787 iustificati
557 742 747 798 consequantur
764 736 845 785 uitam
863 742 1003 783 aeternam.
1168 746 1173 785 ε
1196 745 1258 784 uem
1275 744 1450 799 peccatorum,
1468 747 1495 788 et
1511 743 1592 791 uitem
1609 750 1750 800 aeternum,
1768 739 1843 792 Siout
1859 740 1977 792 Pealmue
1995 742 2083 804 docet,
2100 742 2180 799 Beni

239 805 310 867 Quid
326 807 407 869 igitur
424 807 456 855 de
473 802 609 853 mercede?
635 802 749 851 Primum
766 804 789 852 si
804 803 955 863 diceremus,
966 801 1052 851 Vitem
1064 809 1146 852 aeter
1169 808 1173 861 ξ
1195 816 1303 865 quorum
1326 806 1448 854 remheae
1470 815 1531 857 aunt
1551 811 1709 874 iniquitates.
1745 808 1780 858 Bt
1802 808 1899 862 Paulus
1921 813 1968 860 ait.
2002 809 2093 861 Dauid
2114 812 2180 871 die'n

169 891 230 927 nem
247 876 300 925 diei
319 874 479 934 mercedem,
498 872 558 936 quia
576 870 684 919 debetur
700 869 845 921 iustificatia
867 879 974 934 propter
996 870 1146 934 promissio·
1170 894 1173 901 ·
1196 871 1382 922 beatitudiuem
1400 874 1521 938 hominis,
1541 879 1582 927 cui
1599 878 1670 928 Deus
1689 880 1799 942 imputat
1822 879 1952 929 iusticiam
1969 879 2027 928 siue
2044 881 2176 944 operibus.

169 959 239 1006 nem,
256 943 321 993 nihil
338 943 446 993 absurdi
464 943 616 992 diceremus.
644 937 711 989 Sunt
729 941 797 989 enim
816 938 940 989 ordinate
956 940 1063 988 interae
1080 938 1146 987 haec
1170 958 1172 967 ·
1195 938 1272 989 Hunc
1289 941 1328 989 ait
1343 941 1439 993 Paulus
1457 943 1561 994 beatum
1582 960 1651 1008 esse,
1675 948 1717 996 cui
1739 949 1881 1011 imputatur
1902 947 2008 998 iusticie
2028 962 2077 1012 per
2098 947 2177 1001 tide·

168 1014 248 1063 dona
285 1011 360 1061 Sicut
376 1018 403 1061 et
418 1010 580 1073 Augustinus
598 1009 643 1057 ait.
677 1006 757 1056 Dona
774 1023 822 1057 sua
838 1012 949 1056 coronat
965 1005 1037 1056 Deua
1054 1007 1081 1056 ln
1098 1020 1146 1055 no·
1169 1004 1172 1051 i
1195 1008 1223 1056 in
1241 1007 1388 1071 Christum,
1406 1012 1507 1062 etiamsi
1524 1014 1597 1064 nulia
1613 1015 1709 1065 habeat
1732 1015 1802 1065 bona
1826 1030 1915 1080 opera.
1949 1015 2057 1065 Talibus
2082 1031 2177 1069 eom

169 1081 219 1132 bis.
255 1080 310 1131 Sed
326 1081 453 1144 scripum
470 1079 551 1127 uitam
574 1083 705 1126 aeternam
724 1084 802 1125 uocat
824 1075 984 1135 mercedem,
1008 1089 1061 1124 nou
1086 1075 1147 1139 qnia
1170 1104 1172 1121 .
1194 1075 1336 1126 latioribus
1362 1078 1503 1141 erigendae
1525 1091 1585 1132 sunt
1607 1085 1799 1145 conscientiae,
1822 1093 1848 1133 et
1870 1083 2076 1144 confirmandae,
2105 1086 2177 1148 qnod

169 1156 275 1214 propter
292 1162 371 1212 opera
388 1148 521 1208 debeatur,
538 1146 584 1195 aed
602 1145 664 1209 quia
681 1151 828 1209 compenset
844 1142 999 1193 afflictiones
1017 1149 1045 1191 et
1058 1156 1147 1205 opera,
1168 1140 1172 1207 j
1195 1152 1301 1209 propter
1319 1145 1452 1197 Christum
1473 1150 1614 1213 peridem
1638 1153 1833 1216 contegente)
1856 1152 1976 1202 remissio
1998 1160 2174 1216 peccetorum,

169 1219 373 1338 isitii?
395 1216 476 1332 iiim
489 1214 772 1333 estititt‘lti
794 1209 1147 1329 ,ittl‘titttt't
1168 1222 1173 1299 ²
1194 1212 1532 1336 {ili‘⁸‘i¹i.¹liii¹i’ld}
1548 1223 1736 1339 tutte*
1750 1218 2093 1341 ..ttituttttit
2114 1237 2175 1340 2¹*

170 1354 349 1418 compensatio
363 1300 527 1401 'officior'um'
549 1349 604 1413 iilij.
639 1346 709 1398 Satis
736 1316 777 1397 ee’t
798 1349 879 1411 igitur
901 1362 997 1397 nomen
1020 1348 1146 1397 mercedis
1169 1304 1305 1399 ιιοιιοίιιο.
1341 1350 1377 1400 lit
1394 1353 1511 1417 proiecto
1528 1304 1691 1407 neeceeegest
1715 1326 1816 1421 iamper
1840 1357 1939 1407 addere
1955 1355 2050 1418 iidem,
2073 1371 2108 1407 ue
2129 1305 2173 1410 ἒ-

168 1422 219 1473 hac
242 1422 345 1471 ratione
368 1422 510 1470 conuenire
533 1419 604 1467 uitae
628 1424 761 1478 aeternae,
785 1419 846 1480 quie
867 1417 923 1465 uita
945 1423 1052 1465 aeterna
1075 1430 1145 1466 com·
1169 1374 1174 1468 l
1195 1417 1327 1467 eludamur
1345 1420 1516 1472 mediatorem
1533 1422 1673 1478 Christum.
1703 1425 1794 1476 Fidem
1811 1432 1899 1475 autern
1916 1426 1986 1475 bona
2003 1439 2084 1491 opera
2100 1429 2173 1491 eeqai

168 1498 262 1555 pensat
279 1491 350 1540 bona
367 1503 447 1554 opera
464 1495 490 1535 et
507 1486 674 1537 afflictiones.
710 1483 771 1533 Non
794 1492 835 1535 est
856 1485 936 1548 igitur
959 1485 1015 1533 uita
1036 1491 1145 1534 aeterua
1196 1484 1302 1548 dehent,
1320 1489 1382 1551 quie
1397 1488 1462 1539 iidea
1478 1493 1534 1541 eine
1552 1493 1627 1543 bonis
1645 1494 1776 1560 operibus,
1794 1493 1940 1558 hypocrisis
1959 1501 2007 1545 eet.

167 1572 278 1619 mercer,
296 1559 355 1623 quia
374 1572 454 1622 opero
470 1554 609 1615 sufficient,
626 1554 688 1618 quia
706 1552 832 1602 debeatur
853 1566 901 1617 pro
925 1553 1054 1631 operibus.
1090 1552 1145 1604 Sed
1263 1554 1367 1605 Hebent
1384 1559 1456 1607 etin
1477 1558 1582 1611 Scholia
1605 1564 1733 1627 quaedam
1753 1561 1976 1628 apophthegmata
1998 1568 2172 1613 comentauea

168 1627 349 1687 comederim,
376 1627 437 1690 quia
464 1640 521 1674 cum
550 1629 656 1688 propter
677 1621 755 1671 aliam
778 1636 881 1671 musam
907 1621 1033 1684 contigit,
1057 1628 1144 1671 nmen
1195 1630 1300 1672 noetree
1315 1626 1476 1687 sentenciae,
1493 1631 1579 1691 qualia
1596 1638 1669 1693 eunt,
1688 1631 1759 1696 quod
1776 1631 1847 1681 bone
1869 1643 1952 1694 opera
1973 1630 2097 1694 placeant
2113 1630 2172 1683 Deo

169 1703 321 1760 compensat
338 1708 417 1758 opera
434 1701 461 1742 et
476 1692 642 1742 ailliotiouee.
1194 1698 1300 1755 propter
1316 1695 1435 1754 gratim
1469 1695 1536 1746 item
1553 1699 1624 1761 quod
1640 1701 1675 1749 sit
1691 1699 1875 1749 confidendum
1892 1699 1993 1763 gretiae
2010 1699 2072 1750 Del.
2099 1698 2172 1751 liaeo

237 1761 380 1813 Praetereo
402 1762 564 1811 concedimus
591 1771 672 1823 opere
694 1771 756 1807 uere
780 1771 837 1807 esee
858 1758 1004 1818 meritoria,
1028 1772 1083 1808 uon
1104 1771 1144 1807 re·
1195 1757 1265 1808 diota
1287 1774 1379 1823 parum
1400 1765 1535 1815 commode
1557 1769 1767 1832 interpretantur.
1802 1767 1912 1817 Veteres
1933 1768 2003 1817 euim
2025 1768 2179 1818 sentiebant

168 1833 300 1882 missionis
316 1838 491 1895 peccatorum,
509 1836 554 1878 eut
570 1826 767 1877 iustificationis.
798 1824 860 1876 Non
877 1827 945 1875 euim
962 1826 1074 1890 placent,
1092 1827 1144 1876 niel
1194 1826 1376 1878 confidendum
1393 1845 1450 1882 esse
1466 1835 1582 1896 gratiae,
1598 1835 1650 1886 hoe
1667 1846 1720 1898 est,
1736 1837 1931 1886 misericordiae
1949 1834 2000 1886 Del
2021 1836 2172 1899 promitten-

168 1901 196 1950 ln
214 1898 357 1949 iuetiiicatis
373 1906 480 1964 propter
495 1897 582 1958 idem,
599 1895 656 1946 Nec
673 1900 733 1943 aunt
750 1895 833 1957 digne
849 1895 905 1943 uita
922 1902 1037 1944 aeterua.
1067 1893 1144 1946 Sicut
1194 1897 1237 1955 tis,
1254 1896 1326 1959 quod
1343 1911 1450 1964 propter
1471 1899 1603 1953 Christum
1623 1905 1702 1956 simm
1724 1904 1833 1969 accepti.
1867 1905 1905 1952 At
1927 1904 2085 1953 ncendom
2105 1903 2171 1955 fidu.

169 1969 239 2018 enim
256 1969 412 2027 iustihcatio,
428 1969 467 2017 ita
484 1964 625 2025 uluiiicetio
647 1963 700 2012 ide
718 1964 849 2027 contingit
871 1969 979 2027 propter
1000 1960 1143 2023 Christum,
1195 1963 1263 2012 dam
1278 1965 1435 2017 transierunt
1460 1969 1494 2019 ad
1515 1978 1633 2021 acetrum
1655 1987 1729 2038 opus.
1765 1972 1888 2024 Seutiuut
1910 1971 2095 2021 confidendum
2115 1985 2172 2023 eeee

168 2038 292 2086 sed-eunt
308 2037 441 2085 meritoria
457 2035 569 2084 aliorum
585 2032 742 2096 premiorum
759 2031 949 2097 corporalium,
974 2038 1001 2080 et
1022 2032 1143 2094 spiritua·
1194 2032 1308 2094 gratlae,
1327 2032 1378 2085 hoc
1395 2043 1449 2098 eet,
1468 2037 1611 2103 dilectioni,
1630 2055 1681 2104 qua
1696 2055 1744 2091 nos
1761 2040 1846 2089 Deum
1865 2040 2007 2102 diligimus.
2042 2040 2116 2091 liaeo
2133 2039 2173 2089 in·

168 2105 244 2164 lium,
269 2118 335 2166 quae
357 2103 501 2155 redduntur
521 2102 619 2151 tamin
643 2100 692 2149 hac
717 2101 783 2161 ulta,
807 2108 861 2150 tum
883 2107 943 2164 poet
965 2099 1034 2148 hauc
1052 2103 1142 2151 uitam.
1194 2103 1351 2164 terpretacio
1368 2109 1409 2152 eet
1426 2104 1530 2155 uieioea
1566 2106 1628 2157 Non
1645 2110 1715 2159 enim
1732 2108 1854 2159 debemus
1872 2108 2005 2158 confidere
2027 2119 2118 2158 notua
2134 2108 2173 2159 di·

166 2172 262 2223 Dlliert
278 2174 347 2221 enim
365 2171 437 2223 Deus
455 2173 579 2237 pleraque
597 2170 696 2233 premia
713 2169 797 2218 donec
814 2168 943 2231 glorltlcet
960 2176 1066 2217 amotos
1083 2176 1144 2232 poet
1192 2167 1320 2232 lectione,
1347 2185 1406 2221 oum
1426 2174 1460 2222 eit
1480 2174 1612 2226 immunda
1636 2184 1663 2227 et
1685 2178 1796 2240 exigua,
1819 2177 1868 2226 sed
1884 2176 2058 2240 promissione
2074 2176 2174 2227 miseri·

166 2240 235 2292 hanc
253 2242 348 2302 uitam,
366 2242 427 2304 quia
443 2240 499 2289 uult
516 2254 561 2288 eos
583 2239 611 2288 in
632 2236 682 2286 hac
705 2238 760 2285 uita
785 2235 903 2286 exerceri
925 2236 960 2285 ad
983 2235 1143 2286 mortiiican·
1193 2236 1309 2287 cordiae.
1344 2238 1460 2289 Iactatur
1477 2248 1505 2291 et
1520 2241 1587 2306 hoc,
1605 2244 1676 2307 quod
1693 2246 1764 2295 bona
1780 2258 1860 2310 opera
1876 2245 1982 2295 ueleaut
1999 2244 2097 2293 uirtute
2114 2257 2173 2308 pae-

166 2309 228 2360 dum
251 2317 366 2359 ueterem
387 2307 528 2357 hominem.
562 2304 735 2368 Euangelium
757 2306 840 2367 gratis
863 2303 970 2354 exhibet
992 2307 1143 2369 promissio·
1192 2305 1273 2355 sionir
1291 2303 1398 2357 Christi.
1424 2306 1505 2359 Recte
1523 2310 1620 2361 dietum
1636 2319 1685 2375 eat,
1702 2313 1750 2364 sed
1766 2313 1828 2364 fidei
1845 2313 2003 2363 mentionem
2019 2311 2078 2362 fleri
2095 2326 2173 2377 opor·

166 2392 225 2428 nem
242 2377 432 2428 iustificationis
451 2385 477 2426 et
493 2373 677 2424 uiuiflcetionie
695 2381 800 2436 propter
817 2372 957 2424 christum.
985 2373 1022 2422 At
1038 2376 1066 2423 in
1083 2373 1143 2435 lege
1192 2375 1242 2421 tuit
1258 2373 1283 2422 in
1302 2373 1341 2423 his
1360 2378 1508 2443 sentencije.
1542 2378 1605 2429 Non
1629 2383 1698 2432 enlm
1721 2382 1927 2432 communicatur
1949 2380 2028 2431 nobie
2053 2382 2174 2433 merita!

166 2461 222 2496 non
239 2448 332 2509 gratia,
349 2444 397 2495 aed
414 2459 462 2508 pro
479 2445 601 2508 operibus
625 2440 732 2491 offeruit
754 2448 781 2490 et
804 2441 913 2491 debetur
934 2454 1043 2490 merces.
1078 2439 1143 2491 Cum
1192 2442 1321 2504 paaeionis
1337 2441 1444 2504 christi,
1460 2447 1512 2497 ulei
1528 2447 1557 2497 id
1578 2447 1630 2498 tide
1652 2450 1873 2515 apprehendamus
1895 2456 1922 2498 et
1943 2462 2105 2513 opponamus
2126 2448 2173 2499 ed·

165 2515 247 2578 igitur
263 2526 344 2578 opera
366 2512 418 2561 rint
439 2513 567 2575 quaedam
589 2511 706 2574 impletio
728 2509 808 2572 legis,
827 2517 903 2561 recte
925 2510 1044 2559 dicuntur
1064 2512 1142 2559 meri·
1192 2522 1282 2558 uersus
1299 2518 1413 2561 terrores
1430 2515 1529 2578 peccati
1547 2524 1574 2565 et
1590 2518 1690 2569 mortis
1724 2516 1821 2568 Paulae
1837 2519 1908 2568 euim
1924 2517 2017 2582 inquit
2055 2515 2173 2569 chriam

109 2616 113 2625 ,
166 2584 250 2644 torie,
273 2588 344 2630 reete
369 2580 465 2631 dicitur
487 2583 524 2631 eie
548 2579 635 2629 deberi
659 2591 768 2628 mereor.
804 2578 839 2626 tte
860 2576 925 2627 haec
945 2591 1045 2627 meroes
1073 2578 1143 2642 parit
1193 2585 1234 2626 est
1250 2579 1406 2642 propiciatio
1423 2595 1471 2644 per
1487 2582 1573 2635 idem.
1608 2584 1689 2649 Item,
1712 2585 1834 2636 Ecclesia
1854 2588 1883 2637 in
1903 2585 2023 2637 omuibus
2046 2587 2173 2649 procedo·

165 2651 263 2716 gradus
282 2649 447 2713 premiorum,
464 2651 537 2699 iuxta
552 2648 617 2697 illud
633 2645 720 2696 Penii.
748 2645 930 2709 Vnusquieque
948 2647 1061 2711 accipiet
1076 2661 1142 2696 mer·
1193 2646 1270 2695 nibus
1287 2647 1371 2709 addit,
1387 2662 1435 2713 per
1451 2650 1593 2702 Dominum
1610 2660 1728 2704 nostrum
1744 2655 1829 2704 Iesum
1847 2653 1989 2706 Christum.
2025 2653 2173 2705 moedau

166 2720 256 2769 cedem
274 2720 348 2768 iuxte
365 2731 439 2766 suum
456 2717 580 2767 laborem.
616 2715 653 2764 Hi
671 2715 774 2777 gradus,
785 2722 846 2764 eunt
861 2727 961 2763 merces
977 2728 1086 2779 operum
1103 2721 1142 2765 at·
1193 2713 1352 2767 admouendi
1368 2725 1429 2765 sunt
1445 2717 1563 2771 homines
1581 2721 1614 2770 de
1631 2721 1690 2773 ide.
1718 2722 1857 2786 Significat
1873 2723 1942 2772 enim
1956 2720 2174 2781 Sedesianoeua

165 2801 216 2853 que
233 2786 409 2837 afflictionum.
1193 2795 1289 2846 opere,
1306 2789 1333 2833 et
1348 2791 1450 2835 nostrae
1466 2801 1557 2852 preces
1574 2789 1632 2839 Deo
1649 2790 1769 2855 pleeere,
1792 2790 1967 2841 eieredamue
1988 2789 2077 2841 Deum
2098 2790 2172 2842 nobie

234 2853 288 2906 Sed
307 2856 467 2907 contendunt
482 2853 642 2918 aduersarii,
663 2853 744 2902 uitam
767 2861 900 2904 murnum
923 2852 1028 2914 proprie
1053 2850 1143 2902 deberi
1193 2851 1345 2916 propicium,
1364 2859 1391 2903 et
1407 2868 1456 2904 noe
1473 2857 1598 2907 exaudire
1632 2864 1722 2922 ropter
1738 2857 1892 2911 Ponddcem
1908 2856 2049 2909 Chriatm

165 2939 214 2990 pro
241 2922 376 2988 operibus,
403 2923 464 2987 quia
492 2921 588 2972 Paulus
617 2922 661 2972 ait.
703 2919 807 2971 Reddet
835 2919 972 2983 unicuique
1001 2919 1142 2970 secuudum
1260 2919 1333 2971 liaeo
1351 2921 1379 2971 lu
1401 2926 1548 2987 praesentia
1572 2938 1602 2974 sn
1632 2928 1702 2977 ciam
1724 2926 1758 2977 de
1781 2924 1831 2976 hoo
1855 2927 1926 2977 loeo.
1955 2924 2061 2980 ‚Scimus
2084 2934 2172 2979 autem

164 3005 246 3058 opere
271 2992 335 3043 eiua.
361 2991 455 3042 Iohau.
481 2990 507 3042 b.
538 2987 590 3049 Qui
620 2990 690 3040 bona
713 2988 849 3053 iecerunt,
876 2992 903 3039 in
930 2990 1143 3039 resurrectionem
1193 2986 1262 3036 hanc
1279 2990 1441 3040 sentenciem
1457 3007 1534 3057 quam
1552 2992 1714 3045 defendimus
1722 2993 1869 3059 Euangelio
1887 3001 2088 3045 consentaneam
2104 3008 2172 3057 esea

165 3063 243 3112 niteo.
272 3059 365 3110 Mrem.
384 3060 427 3111 ib.
454 3059 559 3109 lieurini
581 3065 607 3108 et
630 3059 736 3109 dedirtis
759 3057 824 3109 mihi
847 3058 1012 3109 manducare.
1047 3056 1079 3106 In
1101 3056 1142 3106 his
1194 3063 1220 3104 et
1236 3056 1287 3120 plje
1305 3059 1470 3125 conscientiis
1486 3061 1646 3112 tirmiselmm
1671 3064 1865 3114 consolationes
1887 3061 1989 3114 afferre.
2021 3062 2087 3113 ideo
2110 3063 2172 3129 piae

164 3131 230 3181 loeis
248 3129 379 3191 omuibus,
395 3130 423 3178 in
442 3127 534 3190 quibua
552 3140 631 3192 opera
647 3127 800 3189 leudantur,
823 3139 930 3177 necesse
947 3126 1038 3175 estad
1056 3124 1141 3177 Cauo-
1191 3130 1292 3174 meutee
1310 3140 1364 3176 nou
1382 3129 1513 3191 patiantur
1529 3143 1558 3180 ee
1575 3130 1609 3180 ab
1627 3128 1677 3180 heo
1694 3134 1829 3183 sentencia
1845 3129 1952 3198 propter
1972 3132 2061 3195 iniqua
2086 3139 2113 3181 et
2129 3145 2171 3182 ca·
2240 3176 2243 3181 .

165 3212 225 3249 uem
248 3212 327 3264 supra
355 3198 479 3248 traditum
501 3210 647 3257 recurrere,
670 3196 741 3260 quod
764 3209 845 3261 opera
867 3210 921 3245 non
942 3194 1064 3258 placeant
1084 3194 1142 3243 siue
1192 3192 1323 3245 lumniosa
1339 3195 1437 3247 iudicia
1453 3197 1661 3249 adnereerlorum
1682 3198 1785 3250 abduci.
1820 3198 1957 3265 Scriptura
1979 3200 2111 3265 praedicit
2131 3199 2170 3250 iu·

164 3265 283 3326 Christo,
306 3265 377 3332 quod
399 3280 454 3315 uon
477 3265 512 3313 sit
533 3264 709 3315 excludundur
731 3265 861 3314 mediator
884 3263 1012 3315 Christus.
1053 3261 1142 3323 Quare
1192 3268 1276 3313 tirum
1300 3277 1371 3322 esse,
1394 3267 1473 3315 utin
1497 3265 1617 3316 Ecclesia
1637 3275 1787 3331 gruaemnr
1809 3269 1873 3319 meli
1895 3268 2031 3330 demorer,
2058 3270 2104 3332 qui
2126 3281 2171 3333 op·

166 3349 224 3386 cum
242 3342 327 3384 textor
345 3336 391 3395 ait,
408 3333 530 3398 operibus
545 3332 621 3383 reddi
639 3333 719 3382 ultam
736 3340 884 3394 aeternam,
906 3330 1045 3394 Significat
1064 3331 1142 3382 reddi
1191 3343 1282 3394 presse
1307 3332 1410 3382 iusticia
1435 3333 1496 3383 idei
1521 3335 1549 3384 in
1576 3333 1718 3396 Obrimum,
1744 3336 1859 3386 doceant
1881 3338 1977 3387 mereri
1993 3337 2173 3388 monem

165 3402 318 3464 iustificatie,
335 3405 397 3468 quia
412 3416 467 3451 nou
483 3402 588 3466 placent
610 3400 670 3450 Deo
689 3401 759 3451 bone
780 3414 872 3466 opera,
894 3400 945 3449 uisi
968 3400 995 3448 iu
1018 3399 1141 3449 iustihca-
1191 3406 1356 3464 peccatorum
1372 3415 1420 3464 per
1435 3408 1540 3453 nostroe
1557 3404 1639 3453 cultus
1657 3409 1684 3453 et
1701 3416 1791 3468 opera.
1826 3405 1862 3454 lit
1876 3417 1918 3454 ree
1934 3411 2026 3468 gestae
2040 3406 2068 3454 iu
2087 3404 2172 3457 ursel

165 3472 214 3532 tie,
232 3469 354 3533 honest,
372 3472 398 3519 in
417 3469 472 3531 hia,
490 3471 534 3534 qui
551 3470 667 3519 sentiunt
684 3484 711 3519 ee
729 3475 849 3534 acceptos
871 3483 929 3519 esee
951 3466 1011 3517 Deo
1033 3476 1142 3533 propter
1191 3473 1252 3516 aunt
1267 3469 1356 3530 imago
1373 3466 1452 3519 iuuari
1469 3476 1553 3522 statue
1570 3472 1599 3521 in
1616 3470 1744 3523 lioclesia.
1780 3471 1903 3523 Videmus
1919 3480 2004 3522 autem
2023 3471 2171 3536 Prophetae

165 3538 305 3591 Christum.
341 3539 376 3589 itt
391 3538 524 3589 iustificeti
541 3538 687 3588 necessario
704 3539 808 3601 pariunt
824 3537 894 3587 bona
912 3550 1007 3600 opera,
1031 3551 1077 3586 eeu
1094 3536 1141 3586 bo·
1191 3534 1287 3599 ubique
1310 3544 1401 3586 taxare
1422 3536 1489 3589 hano
1520 3553 1713 3602 persuasionem
1735 3541 1838 3606 populi,
1859 3541 1904 3606 qui
1925 3540 2071 3589 eommabat
2084 3541 2112 3607 ο)
2139 3554 2172 3591 ae

164 3622 214 3659 noe
230 3608 341 3671 metus,
359 3614 388 3656 ut
405 3606 509 3656 lieuriui
531 3614 558 3656 et
580 3606 687 3657 dedistis
709 3606 772 3657 mihi
795 3606 888 3656 cibum.
923 3605 975 3654 Hic
996 3619 1054 3654 oum
1077 3606 1142 3655 diei·
1191 3606 1284 3675 mereri
1301 3606 1481 3657 remissionem
1498 3616 1665 3671 peccatorum
1682 3622 1728 3674 per
1750 3609 1876 3659 sacrificia
1891 3608 1971 3670 legis,
1995 3616 2022 3656 et
2038 3607 2090 3658 hac
2112 3610 2171 3673 opi·

164 3684 206 3726 tur
232 3677 308 3725 reddi
335 3676 391 3725 uita
412 3683 520 3726 aeterna
540 3675 581 3725 his
603 3674 724 3740 operibus
744 3675 898 3738 intelligitur
919 3673 994 3722 reddi
1014 3674 1141 3724 iustitiae.
1190 3673 1270 3720 uione
1288 3673 1437 3724 cumulabat
1449 3675 1477 3741 ο)
1494 3689 1575 3739 opera
1601 3682 1629 3725 et
1645 3677 1739 3728 cultus.
1773 3676 1815 3727 Ita
1835 3678 1861 3727 ln
1884 3676 2001 3727 Ecclesia
2025 3677 2101 3727 multi
2124 3691 2170 3727 ex·

163 3742 254 3796 Fidem
272 3745 352 3809 igitur
369 3744 548 3810 complectitur
565 3758 623 3793 cum
641 3747 760 3794 nominat
782 3742 889 3792 fruetus.
925 3740 1009 3790 Porro
1033 3742 1141 3805 scriptu·
1165 3756 1170 3773 ·
1190 3740 1271 3789 istunt
1287 3741 1331 3804 qul
1348 3740 1442 3792 ieleam
1458 3745 1653 3807 persuasionem
1672 3745 1705 3794 de
1721 3747 1774 3795 auls
1792 3745 1913 3810 operibus
1935 3752 1961 3794 et
1984 3745 2099 3795 oultibua
2123 3744 2170 3796 he-

164 3827 195 3863 ra
211 3814 330 3863 nominat
346 3813 454 3873 fructus,
471 3821 501 3860 ut
518 3811 639 3861 ostendat
662 3812 760 3876 requiri
777 3827 831 3861 non
847 3809 1012 3874 hypocrisin,
1035 3810 1081 3858 sed
1103 3810 1142 3860 ln·
1190 3807 1262 3857 bent.
1302 3809 1407 3860 hionuit
1434 3817 1519 3860 autem
1545 3826 1594 3862 noe
1622 3814 1757 3877 scriptura,
1782 3827 1816 3862 ne
1842 3813 2006 3863 multitudine
2031 3814 2170 3879 inpiorum

164 3882 266 3933 audam
282 3895 348 3946 quee
365 3881 399 3930 eit
416 3880 522 3939 efficax,
546 3887 573 3929 et
596 3880 723 3943 quaedam
746 3893 817 3931 noua
839 3880 907 3941 uita,
931 3877 1033 3942 periens
1058 3878 1141 3928 bouoe
1191 3878 1377 3941 perturbemur.
1413 3878 1455 3928 Ae
1472 3878 1551 3930 icelle
1573 3888 1659 3945 potest
1680 3881 1739 3931 iteri
1761 3881 1884 3933 indicium
1907 3883 1940 3932 da
1963 3882 2057 3946 epiritu
2080 3882 2169 3932 adner-

164 3950 273 4000 iructue.
1190 3947 1327 3995 uelorum.
1363 3947 1570 4000 Videmuseuim
1587 3952 1615 3999 in
1639 3949 1725 3999 multis
1748 3951 1864 4000 articulis
1887 3950 2053 4001 mauiieetam
2076 3951 2169 4001 uerita·

233 4017 291 4068 Nec
307 4031 358 4067 noa
374 4018 487 4082 aliquam
505 4016 621 4066 ocioeam
638 4016 807 4067 subtilitatem
824 4016 869 4066 hic
887 4014 1044 4066 affectamus.
1074 4013 1141 4065 Sunt
1191 4020 1244 4063 tem
1261 4014 1294 4064 ab
1313 4017 1350 4064 ele
1368 4016 1495 4067 mutuari
1529 4016 1587 4068 Nec
1604 4016 1721 4068 offendat
1737 4032 1891 4082 quemquam
1914 4019 1986 4084 quod
2009 4018 2061 4068 sibi
2081 4018 2169 4069 llcole·

164 4086 234 4137 enim
252 4087 423 4151 grauissimae
441 4099 535 4134 caueae
551 4092 658 4150 propter
674 4099 738 4150 qnae
754 4084 820 4135 haec
838 4086 1006 4149 dieputamus.
1036 4082 1141 4133 Etenim
1191 4083 1247 4133 aiae
1263 4098 1358 4133 nomen
1375 4084 1517 4135 uindicant.
1551 4084 1621 4136 Nam
1638 4086 1756 4136 Ecclesia
1773 4086 1870 4138 Christi
1888 4087 1958 4151 epud
1979 4085 2030 4136 hoa
2049 4095 2102 4148 est,
2125 4086 2169 4151 qul

164 4157 188 4206 ai
204 4156 346 4220 largiamur
363 4154 519 4219 aduersariis
537 4153 608 4218 quod
625 4169 705 4219 opera
727 4160 875 4204 mercentur
896 4154 978 4203 uitem
999 4158 1140 4214 nomm,
1191 4150 1365 4215 Euangeliou
1382 4150 1480 4204 Chrimi
1497 4160 1569 4203 recte
1587 4154 1690 4214 docent,
1707 4168 1760 4204 non
1778 4155 1848 4220 apud
1866 4154 1927 4205 llloe
1945 4155 1989 4218 qul
1999 4169 2095 4219 prauae
2113 4153 2168 4220 opl-

164 4239 228 4275 mox
250 4231 372 4275 atterunt
392 4223 439 4273 illa
461 4222 586 4284 absurda,
610 4224 680 4286 quod
702 4236 783 4288 opera
810 4222 864 4286 legi
891 4221 943 4271 Dei
970 4220 1141 4281 sedsiaciant,
1190 4220 1281 4270 uiones
1293 4227 1385 4271 contre
1397 4219 1568 4286 Euangellum
1583 4222 1735 4284 defendunt,
1750 4225 1818 4274 elcut
1831 4224 1918 4287 iuquit
1933 4222 2072 4275 Dominus.
2101 4220 2169 4277 ant

164 4295 236 4358 quod
253 4308 306 4343 non
323 4291 439 4342 habeant
455 4306 520 4356 opus
537 4292 730 4351 misericordia,
746 4290 816 4356 quod
833 4291 913 4347 simus
930 4290 1005 4349 lusti,
1023 4288 1075 4338 hoc
1091 4295 1140 4352 eet,
1191 4302 1264 4338 meee
1280 4301 1376 4339 uocem
1391 4303 1475 4340 meam
1492 4288 1622 4356 audiunt]

164 4364 265 4425 accepti
281 4361 341 4411 Deo
358 4368 466 4425 propter
482 4365 571 4410 nostra
589 4374 683 4424 opera,
701 4373 755 4409 uon
773 4365 882 4424 propter
903 4355 1047 4416 christun,
1069 4357 1141 4421 quod

165 4430 299 4494 piusquam
321 4430 407 4492 legem
428 4428 515 4478 iacere
538 4426 657 4479 homines
678 4429 787 4492 pouiut.
820 4426 862 4477 Ita
884 4433 941 4477 tota
963 4426 1084 4475 doctrina
1107 4425 1141 4475 de
1666 4472 1677 4486 ,

165 4497 270 4547 lmdcia
284 4497 347 4548 fidei
371 4496 497 4548 obruitur.
531 4495 579 4545 Eat
603 4503 688 4546 autem
711 4495 886 4546 neceesarium
907 4495 1019 4544 retinere
1040 4494 1068 4544 in
1090 4492 1141 4543 iic·
1426 4532 1433 4539 .
1507 4522 1570 4587 DE
1591 4521 1843 4591 Eccfflsu

166 4565 246 4616 cleris
260 4579 352 4630 puram
368 4566 514 4615 doctrinam
530 4564 563 4614 de
580 4565 682 4616 iusticia
697 4562 769 4614 idei.
805 4562 893 4627 Quare
915 4562 1035 4626 cogimur
1050 4561 1142 4613 Pheri-
1844 4573 1852 4592 ·

165 4634 250 4683 saion
269 4635 405 4698 opiniones
422 4633 631 4684 aduersariorum
648 4631 846 4698 reprehendere,
863 4638 890 4682 et
907 4630 1057 4695 utgloriam
1066 4629 1141 4682 chri·

165 4701 201 4751 ⁸²¹
216 4700 389 4764 tintcum,
406 4710 432 4752 0‘
447 4709 477 4751 '¹‘
495 4702 664 4783 ⁰⁰³⁸⁰i⁰¹¹⁸5⁸
686 4700 773 4781 mnu
795 4700 990 4750 ⁰⁰³⁸⁰¹⁸²¹⁰¹¹⁰⁸
1012 4712 1141 4779 propone
1278 4711 1500 4795 Septimum
1521 4710 1696 4780 ertiomm
1713 4710 1940 4779 consessionis
1958 4725 2098 4781 nostrae
2114 4715 2171 4781 de·

165 4783 232 4820 mue.
268 4767 408 4829 Quomodo
426 4772 495 4821 enim
513 4771 643 4836 concipiet
659 4769 820 4821 conscientia
836 4768 966 4819 drmama
1041 4767 1141 4828 saluus,

165 4852 224 4890 oum
241 4839 269 4888 in
287 4837 386 4888 iudicio
402 4840 497 4889 seudet
514 4853 594 4904 opera
610 4839 720 4903 indigua
737 4851 803 4898 esee,
819 4837 870 4887 niel
886 4837 951 4887 sciet
985 4836 1083 4885 omines
1100 4849 1141 4885 re·
1191 4808 1402 4876 mummii
1424 4798 1459 4863 ¹¹¹
1470 4818 1536 4886 (1¹¹⁰
1548 4799 1702 4879 ‘mmm’
1721 4797 1912 4867 Emlffihm
1929 4818 2007 4867 ω
2030 4818 2171 4888 ΜΨ*

164 4907 252 4972 putari
268 4907 351 4956 iustos
367 4913 394 4955 et
410 4908 508 4958 eeluari
524 4921 570 4972 per
586 4907 799 4967 misericordium,
810 4912 918 4970 propter
928 4903 1069 4966 christum,
1087 4917 1142 4953 nou

164 4981 272 5042 propter
288 4987 418 5040 propriam
434 4975 502 5039 legle
519 4976 705 5041 impletionem.
739 4974 784 5023 An
799 4972 956 5023 lamenta·
972 4972 1001 5022 in
1018 4971 1140 5022 oraticula

165 5043 294 5095 uutiebat
310 5057 339 5092 se
356 5041 407 5093 hoe
423 5056 502 5107 opere
518 5043 572 5107 legi
583 5044 635 5095 Dei
653 5043 811 5103 murmure,
828 5055 858 5091 ee
874 5042 931 5091 eine
947 5048 1055 5105 peccato
1073 5053 1140 5104 ease,

165 5124 195 5162 aa
215 5126 269 5163 uon
295 5111 415 5175 indigere
437 5111 580 5161 mediatore
603 5111 725 5175 Christo,
747 5117 774 5162 et
797 5106 977 5160 misericordia
999 5109 1058 5160 Dei
1092 5108 1141 5159 Ille
1210 5089 1242 5156 ιι)
1260 5087 1425 5155 θθΰῑῖὓίῑῦῑ]
1442 5088 1492 5142 3⁶·
1511 5089 1550 5141 θ’
1567 5087 1703 5153 ΝΜ*

165 5177 230 5231 ue'ro
247 5194 301 5231 non
320 5179 442 5231 mersit
457 5192 475 5228 a
490 5176 632 5244 Propheta,
648 5181 692 5247 qui
708 5181 756 5232 ait.
790 5176 852 5229 Non
867 5180 950 5229 latres
965 5177 993 5227 iu
1016 5177 1142 5228 iudicium
1210 5176 1242 5240 o)
1259 5174 1403 5226 wmniabet
1496 5172 1655 5240 malain]
1678 5173 1728 5226 itt.
1747 5177 1788 5224 t:
1809 5175 1975 5229 eomlabaut
2056 5178 2174 5231 ωιιῑι-

166 5245 1140 5327 mamone,qulanoulusttcattemcoraueeomatputueua
1262 5243 1327 5295 baut
1997 5264 2008 5292 a
