4702 6030
166 369 234 437 315
617 364 731 432 PHIL.
752 365 857 434 ntea.
878 366 1066 434 SCRIPTA
1087 365 1358 438 DOGMATICA
1377 369 1435 437 ΕΤ
1456 371 1728 442 svueomca
2113 376 2181 446 316

166 580 259 632 rum,
287 556 330 621 Et
381 556 509 622 uumuis
537 557 715 620 abutantur
738 553 891 620 homines
921 554 1001 635 seri,
1035 567 1146 620 temen
1196 577 1265 621 non
1287 569 1363 622 sunt
1387 559 1509 623 tradita
1529 561 1563 624 in
1581 557 1699 648 regula
1720 561 1997 648 Euangelica²⁴)
2020 563 2180 649 professe

167 646 276 730 magis
299 656 352 707 est
398 642 528 707 abenda
549 641 635 704 ratio
656 637 833 705 Ecclesiae
852 651 884 704 et
911 642 1051 725 piorum.
1095 640 1146 704 lta
1196 644 1238 706 ab
1262 644 1415 706 omnibus
1438 642 1648 725 Christianis
1693 668 1770 712 uam
1791 648 1922 729 habent
1943 649 2097 716 Abbetas
2125 672 2180 719 su·

166 730 326 795 iudicauit
348 739 381 792 et
403 726 547 804 Gcrson,
571 746 646 790 cum
668 726 725 802 ait,
750 725 791 790 Et
812 726 841 788 si
870 736 1080 809 contemptus
1103 744 1146 789 ex
1196 747 1257 812 per
1279 725 1446 814 religiosis
1470 731 1541 794 suis
1563 733 1607 795 ad
1633 668 1848 817 obligandum
1876 753 1937 799 eos
1963 748 2099 820 praeter
2126 758 2180 804 re·

166 813 232 879 hac
254 812 421 878 laxatione
446 813 534 894 apud
561 811 726 895 quosdam
752 811 924 893 improbos
952 813 1071 890 uritur,
1098 822 1146 874 ta·
1198 809 1349 897 gularem
1383 813 1626 897 professionem
1659 836 1764 882 suam.
1819 819 1874 885 De
1907 822 2028 904 quibus
2066 832 2181 891 temen

165 919 241 964 men
263 897 318 980 aiij
342 901 428 963 bene
449 898 591 962 instituti
614 897 739 981 gratias
768 907 878 982 egent.
923 897 999 960 Non
1026 898 1147 960 desunt
1197 909 1250 962 est
1267 900 1441 965 sentencia
1469 901 1560 965 beati
1589 899 1736 966 Thomas
1764 914 1798 968 et
1824 901 1966 971 aliorum
1992 905 2181 975 Doctorum

164 983 395 1071 Magistratus,
424 981 504 1066 (fol.
532 981 605 1060 57⁸)
637 983 693 1066 qui
727 981 821 1046 l'eros
855 980 1035 1048 cohercere
1068 1000 1146 1066 pos·
1198 986 1423 1064 concorditer,
1443 987 1533 1069 quud
1555 1006 1622 1050 non
1644 988 1884 1070 potestAbbas
1902 992 2067 1058 monacho
2083 1013 2182 1076 pree·

166 1072 249 1148 sint,
265 1075 316 1149 19)
347 1071 402 1136 vbi
435 1086 520 1148 opus
554 1068 626 1132 crit.
676 1065 719 1130 Et
750 1068 899 1152 prudeus
929 1069 1147 1132 concionator
1198 1070 1309 1154 cipere
1328 1067 1430 1147 aliud,
1453 1091 1552 1155 quum
1573 1072 1608 1137 in
1629 1072 1749 1157 regula
1771 1093 1834 1139 sua
1860 1072 2037 1159 professus
2065 1078 2179 1146 luerit.

165 1176 233 1222 non
257 1153 366 1219 solum
388 1155 429 1219 tle
451 1152 617 1229 libertate,
639 1154 700 1216 sed
723 1152 765 1216 de
788 1153 948 1217 cauendis
975 1149 1146 1218 scandulis
1267 1155 1528 1239 -llasponrlimus
1550 1177 1613 1239 pro
1635 1171 1785 1242 tempore
1807 1161 1850 1225 ed
1872 1180 1928 1241 cas,
1951 1183 2038 1247 quae
2066 1165 2181 1229 memi-

166 1243 265 1306 etiem
287 1242 389 1318 dicet,
405 1244 458 1318 ¹²⁰)
481 1259 523 1303 ac
538 1242 591 1314 ²¹)
611 1234 736 1303 Paulus
758 1236 847 1302 hanc
869 1258 1005 1303 causum
1034 1239 1146 1302 mode·
1197 1241 1322 1320 nimus,
1344 1261 1408 1304 nec
1428 1261 1626 1307 recusamus
1649 1242 1691 1311 de
1719 1243 1784 1308 hac
1811 1257 1928 1312 nostru
1956 1247 2182 1317 Confessione

105 1370 111 1376 -
165 1326 233 1390 ruri
261 1324 361 1391 solet.
405 1323 524 1408 Neque
557 1326 666 1386 nostri
691 1325 830 1407 primurn
845 1327 899 1400 22)
925 1335 983 1389 aut
1010 1322 1075 1388 soli
1104 1325 1146 1388 de
1197 1326 1358 1391 rationem
1380 1328 1523 1392 reddere
1544 1329 1633 1392 omni
1655 1332 1818 1412 poscenti.

164 1409 232 1477 hoc
265 1412 411 1497 negocio
445 1411 707 1493 disputauerunt.
770 1410 881 1493 Atque
896 1412 949 1487 23)
982 1405 1038 1491 alij
1080 1405 1145 1472 elio
1285 1410 1383 1483 Quod
1415 1413 1444 1475 si
1478 1415 1567 1477 conti
1595 1414 1677 1479 isset
1701 1417 1797 1482 nobis
1826 1416 1941 1482 videre
1963 1415 2177 1485 Confutecio-

164 1499 264 1562 morlo
298 1499 341 1562 de
367 1494 433 1560 hac
460 1513 498 1558 re
531 1494 750 1578 scripserunt.
795 1494 928 1559 Gerson
962 1513 1044 1560 vcro
1078 1513 1145 1557 non
1197 1517 1273 1561 nem
1290 1435 1668 1563 commones-futur
1693 1498 1827 1565 Domini
1844 1503 1950 1568 nostri
1980 1502 2179 1570 Clementis·

166 1582 293 1647 dubitet
313 1582 361 1645 ita
384 1582 513 1658 dicere,
542 1578 618 1643 Non
652 1576 728 1664 plus
756 1578 881 1644 habent
914 1582 948 1643 in
979 1590 1146 1663 potestate
1197 1583 1270 1645 simi
1293 1578 1506 1665 praelectam,
1521 1588 1574 1661 ²⁵)
1595 1585 1823 1668 potuissemus
1851 1589 1895 1653 ed
1918 1584 2079 1676 pleraque
2106 1611 2176 1656 ma·

165 1666 304 1754 praelati
328 1663 503 1732 Ecclesiae
532 1661 639 1750 ligure
659 1666 814 1731 subditos
837 1665 881 1731 ad
903 1663 1037 1753 eliqua,
1059 1683 1145 1750 quae
1197 1669 1250 1753 gis
1271 1669 1424 1752 apposite
1447 1671 1662 1753 respondere.

163 1836 372 1859 ..-

166 1957 213 2022 19)
231 1955 350 2023 possine]
369 1956 501 2009 Onold.:
520 1960 637 2019 possunt,
1197 1957 1245 2023 11)
1264 1956 1356 2021 Neque
1379 1962 1461 2010 nostrl
1484 1958 1607 2027 primum]
1631 1959 1676 2012 ltus
1697 1977 1768 2014 occec
1789 1963 1976 2028 spalatinae
1998 1965 2026 2013 io
2050 1979 2094 2014 ruo
2118 1982 2180 2034 opo·

165 2045 212 2108 10)
236 2040 325 2106 dicet]
343 2042 489 2107 spoletinus
506 2040 533 2088 t'o
550 2055 593 2090 suo
608 2038 749 2108 apoproplto
763 2040 873 2104 primam
889 2041 1038 2107 irrepserat:
1059 2040 1145 2101 docet,
1265 2025 1360 2093 WPl‘J
1378 2025 1416 2078 ω’
1432 2029 1581 2096 ΜΡΝ,
1600 2028 1688 2082 Μ
1704 2039 1785 2083 wem
1796 2033 1882 2099 pn'orr'
1899 2033 1953 2085 10⁶0
1972 2049 2015 2085 m
2031 2033 2131 2086 delevit

234 2110 302 2177 quod
318 2110 406 2161 deinde
423 2108 573 2159 emendatam
592 2116 627 2160 eet
644 2111 685 2161 t'a:
704 2110 782 2170 dicet,
801 2109 877 2159 metui
887 2110 963 2160 etiam
980 2109 1007 2158 t'tt
1024 2105 1143 2160 Oeold.

234 2185 257 2229 et
276 2177 387 2243 Chytr.
407 2179 506 2242 epum.
1109 2178 1112 2182 ⁴
1196 2147 1244 2213 2³)
1263 2145 1363 2213 Atque]
1381 2146 1508 2212 Chytm
1526 2163 1586 2200 uam
1604 2157 1631 2198 et

165 2265 212 2330 11)
230 2259 271 2331 ac]
291 2263 327 2312 ric
345 2278 426 2314 vocem
444 2261 587 2329 upoyropli
603 2263 701 2331 spalat.
722 2279 739 2311 c
756 2260 980 2311 Melsnthons
999 2260 1086 2315 driade
1103 2264 1145 2315 ‹te-
1197 2274 1244 2340 ⁸24)
1262 2274 1434 2341 Euangelice]
1453 2271 1585 2330 Onold.:
1602 2276 1739 2343 Euangelij

233 2333 306 2383 letam
324 2332 451 2396 leycndam
470 2347 522 2382 erre
538 2331 636 2392 iudico,
654 2331 941 2383 Foerstemunnus
965 2345 1024 2381 cero
1042 2332 1146 2383 deletam

235 2400 307 2463 leyit:
328 2404 413 2464 quod;
435 2398 638 2448 Melanthon
653 2415 701 2465 pro
719 2415 778 2450 soce
801 2399 881 2450 deleto
898 2398 925 2447 in
948 2402 1062 2465 mareiae
1083 2404 1145 2452 scri·
1196 2402 1244 2472 15)
1262 2402 1432 2469 praelectam]
1450 2401 1513 2453 luae
1528 2418 1609 2454 eorem
1630 2405 1658 2453 t'rt
1680 2403 1821 2473 upoyroplto
1845 2403 1944 2473 Spalet.
1969 2409 2082 2457 orniam
2105 2408 2181 2460 Me·

229 2468 389 2588 pymgpem
406 2468 441 2518 ed
460 2467 580 2529 modum,
604 2467 634 2517 id
655 2468 722 2533 quod
738 2469 812 2519 ἀίω
835 2465 956 2519 Onold.
982 2474 1006 2518 et
1028 2466 1143 2535 Chytr.
1166 2556 1172 2592 Ι
1266 2471 1593 2594 {2:23ngae
1615 2470 1638 2522 l„
1662 2472 1680 2523 l.
1705 2473 1854 2541 ademptum
1877 2475 1994 2527 oncle.
2018 2481 2042 2529 et
2065 2476 2181 2543 Chytr.

1151 3331 1190 3396 B.

839 3466 1061 3532 aromata
1080 3465 1337 3533 effluentes
1358 3467 1499 3533 amon

324 3676 411 3737 llenc
428 3674 618 3756 Apolopt'am
635 3675 843 3755 germanicum
859 3674 1000 3754 priorem
1017 3693 1097 3734 nune
1115 3693 1154 3734 cx
1172 3673 1292 3735 Codice
1311 3671 1482 3734 cassano
1503 3672 1671 3734 meandum
1688 3672 1862 3736 Editiouem
1884 3675 2182 3740 Foerstemanni

166 3782 260 3844 supra
282 3783 310 3843 p.
332 3765 391 3823 167
413 3780 461 3841 sq,
484 3760 666 3822 recensitam
686 3759 785 3820 denuo
809 3758 883 3832 edo,
910 3759 1065 3841 adscripta
1085 3760 1170 3820 varia
1193 3759 1344 3830 lectione,
1373 3778 1464 3839 quam
1491 3760 1521 3820 ln
1550 3755 1704 3820 Editiorte
1721 3757 1956 3822 Caelestiniorru
1978 3781 2059 3822 uano
2084 3767 2181 3827 1597.

166 3869 277 3910 recuro
299 3853 407 3928 (supra
426 3866 456 3928 p.
477 3849 538 3907 165
557 3865 605 3924 sq.
632 3845 800 3926 descripta)
831 3846 942 3907 inveni.
987 3842 1019 3905 ln
1048 3845 1295 3907 annotationibus
1327 3839 1475 3906 codtcmn
1506 3843 1707 3907 casselanae
1734 3843 1831 3925 sigla:
1866 3846 1973 3919 Cass„
2004 3847 2181 3913 Editionem

169 3933 433 3997 Coelertirtr‘urtem
451 3930 532 4011 sigla
550 3929 634 3993 Geel.
652 3931 841 4010 significabo.

322 4017 507 4101 Priusquam
529 4025 630 4079 autem
648 4015 830 4099 Apologiam
847 4018 947 4098 ipsam
969 4015 1162 4088 exhibemus,
1182 4015 1262 4077 duee
1280 4017 1480 4096 quaestiones
1503 4016 1635 4077 breviter
1653 4013 1871 4077 dissolvendae
1888 4023 1979 4079 suut:

374 4147 408 4218 a)
426 4158 493 4200 cum
519 4156 652 4219 quoram
682 4135 734 4196 ecl
759 4135 940 4218 quibusnam
968 4134 1139 4198 codicibus
1165 4134 1320 4212 latinae
1350 4133 1530 4216 Apotoptac
1549 4136 1674 4216 prioris
1689 4135 1768 4200 ltuec
1788 4139 1969 4218 perrectura
1984 4140 2181 4218 praesertim

416 4225 601 4295 cortrcntt'ut

372 4337 407 4417 b)
425 4333 579 4416 quotuodo
597 4330 820 4498 &afwa
837 4330 1137 4411 huius'germenirae
1155 4329 1335 4412 Apologiae,
1354 4330 1423 4392 scil.
1443 4330 1630 4394 Casrcluam
1647 4341 1678 4394 et
1707 4330 1788 4393 ulter
1809 4312 1841 4392 e¹
1855 4329 2088 4395 coelestino
2114 4333 2184 4396 edi·

416 4428 467 4484 tue
487 4423 570 4482 inter
590 4437 624 4477 re
670 4419 677 4437 ¹
698 4437 732 4479 er
787 4461 796 4480 .

323 4555 415 4632 Quod
437 4555 476 4617 arl
491 4557 634 4636 ⁴priorem
650 4555 861 4638 quueruonem
878 4553 1001 4624 attinet,
1019 4550 1208 4622 iudicamus,
1225 4552 1433 4632 permuaa'cum
1454 4549 1643 4633 Apolopiunt
1655 4553 1798 4635 priorem
1825 4555 2003 4634 praesertim
2036 4574 2104 4617 cum
2133 4554 2184 4619 lo·
2300 4587 2303 4595 ·

169 4645 238 4706 tina
262 4641 393 4706 Codicis
411 4640 650 4724 Guelferbytunl
671 4660 692 4701 u
709 4637 958 4701 Melanthoue
974 4641 1143 4700 ubertati
1160 4638 1342 4711 consentire,
1361 4657 1451 4718 quam
1472 4639 1653 4702 sententiam
1672 4641 1834 4720 probamus
1852 4637 1941 4701 hisce
1958 4642 2163 4722 argumentisx

376 4771 403 4828 1.
432 4764 471 4824 iis
500 4761 596 4833 locis,
619 4760 672 4822 ubi
699 4757 970 4822 Melanthouis
1002 4759 1190 4818 mamutio
1215 4760 1338 4836 primae
1364 4755 1588 4820 deterrima
1615 4759 1646 4820 lu
1670 4757 1844 4840 apographo
1873 4757 2080 4840 Spoletini
2109 4780 2184 4823 con·

416 4857 518 4911 tentae
539 4848 675 4928 inprimis
694 4845 861 4926 conspicua
882 4852 947 4919 est,
970 4843 1142 4907 cuiusmodi
1159 4861 1253 4924 supra
1273 4863 1304 4924 p.
1329 4845 1390 4905 179
1404 4845 1550 4917 -183.,
1574 4832 1742 4907 286.'nota
1764 4848 1830 4914 44„
1858 4846 1918 4907 187
1945 4864 1995 4926 sq.
2023 4844 2182 4931 leguntur,

416 4953 549 5015 german.
568 4930 723 5015 Apologia
739 4951 798 4992 non
817 4933 911 4993 verba
926 4933 1041 5013 primae
1058 4927 1284 5000 delineationis,
1301 4929 1360 4990 sed
1377 4929 1715 4992 mmcuttonu'roettr
1725 4928 1820 5012 (conl.
1833 4929 1909 4992 inira
1918 4951 1949 5013 p.
1965 4933 2027 4992 314
2038 4934 2131 5012 sqq).
2144 4934 2184 5013 ⁸)

272 5189 302 5259 ·)
319 5191 449 5246 iuvenitur
465 5195 553 5247 autem
570 5192 656 5254 lours,
674 5190 719 5244 ubi
735 5188 782 5243 st.
799 5185 943 5242 coelest
961 5187 1111 5252 cumprime
1121 5185 1294 5240 ucltnecttune
1303 5186 1569 5250 apulomreemrutt
1578 5185 1715 5241 omissione
1727 5198 1835 5241 vocum:
1849 5189 2180 5258 musormitietred,

325 5272 390 5327 quas
406 5259 594 5315 Melanthou
617 5258 723 5313 tentum
744 5259 772 5312 tn
788 5257 972 5312 mutauere
989 5255 1102 5353 'lm’
1120 5255 1180 5311 rite
1196 5254 1266 5311 lum
1282 5266 1309 5320 p.
1327 5254 1387 5307 331.
1405 5255 1518 5320 ennam
1534 5255 1665 5311 seruum
1682 5257 1814 5312 eenturtm
1833 5257 2131 5326 mensuumque
2149 5260 2182 5316 tu
