4694 6038
163 339 231 409 eor
515 338 556 407 u.
599 327 832 445 seonoom
853 335 1172 406 conressroms
1193 335 1515 407 auousmnan
1558 335 1600 407 n.
1644 335 1836 439 surena
2115 338 2185 408 ooo

164 529 204 597 si
230 525 432 594 iustificatos
458 527 493 592 in
519 525 673 610 Christo,
708 546 796 613 opus
828 527 931 593 hahet
964 536 1000 591 rt
1028 536 1150 611 postea
1201 545 1320 592 omnes
1347 526 1561 613 praedicant,
1595 545 1659 591 nos
1690 527 1789 593 etiam
1819 526 1849 591 si
1880 524 2064 594 habeamus
2090 529 2185 596 hona

165 611 246 680 alibi
279 623 420 699 quaerat
451 614 633 693 iusticiam,
667 615 767 681 tribui
796 612 953 689 Christo,
987 613 1077 697 quod
1105 612 1150 677 sit
1200 631 1321 696 opera,
1346 623 1456 678 tamen
1485 613 1520 678 in
1548 609 1618 676 illis
1645 613 1744 677 honis
1772 613 1931 699 operibus
1952 614 2183 682 misericordia

165 700 486 783 ministerpeocati,
506 700 542 764 id
562 710 632 779 est,
657 701 748 786 qnod
769 720 838 765 non
860 695 959 782 plene
980 695 1149 762 iustificat.
1199 698 1366 783 indigere,
1393 698 1491 766 Hanc
1512 698 1776 765 misericordiam
1797 701 1932 767 intuens
1954 700 2057 780 fides,
2085 700 2184 788 erigit
2267 752 2272 771 r

164 783 498 851 Etahsurdissimum
512 796 577 864 est,
600 784 888 870 quodadnersarij
901 785 1036 862 docent,
1058 783 1149 868 quod
1199 793 1233 849 et
1254 783 1451 850 consolatur
1471 802 1547 850 uos.
1592 782 1705 857 Quare
1727 786 1912 850 aduersari'
1936 785 2024 851 male
2047 787 2184 868 docent,

165 871 257 937 hona
279 889 382 954 opera
405 871 448 935 de
470 871 640 957 condigno
663 883 854 937 mereantur
873 869 1028 956 gratiam,
1052 869 1149 953 quasi
1200 890 1276 934 cum
1298 871 1343 935 ita
1366 869 1506 936 efferunt
1527 871 1658 947 merita,
1678 880 1717 935 vt
1737 868 1820 936 nihil
1841 806 1967 937 adlmt
1985 873 2027 937 de
2038 871 2103 937 heo
2115 872 2183 938 lide

166 975 249 1024 rero
271 965 351 1039 post
371 956 567 1041 principium
590 955 851 1035 iustificationis,
883 959 913 1022 si
944 955 1150 1020 conscientia
1198 953 1472 1040 apprehendente
1499 956 1774 1021 misericordiam.
1830 957 1927 1024 Siout
1959 960 2046 1023 enim
2078 976 2182 1043 supra

167 1051 347 1117 terreatur,
368 1052 405 1107 vt
425 1040 474 1119 tit,
497 1041 607 1127 gratia
628 1062 691 1126 per
712 1045 835 1109 bonum
858 1062 944 1128 opus
957 1041 1150 1126 quaerenda
1199 1041 1341 1107 diximus
1369 1041 1625 1125 promissionem
1654 1053 1688 1107 et
1716 1040 1816 1107 iidem
1850 1040 2053 1109 correlatiua
2087 1062 2180 1122 esse,

167 1129 224 1207 ait,
246 1138 278 1192 et
299 1145 369 1191 uon
389 1125 458 1193 lide
479 1128 513 1191 in
534 1124 731 1194 Christum?
1198 1145 1264 1193 uec
1296 1124 1505 1211 apprehendi
1537 1127 1792 1210 promissionem
1824 1128 1888 1193 uisi
1922 1127 2001 1194 fide.
2045 1127 2096 1194 lta
2125 1126 2182 1194 hio

254 1211 425 1278 Secundo.
489 1212 655 1278 Doctrina
691 1213 962 1279 aduersariorum
994 1209 1151 1296 relinquit
1200 1212 1341 1277 dicimus
1374 1212 1576 1295 promissam
1607 1212 1868 1278 misericordiam
1898 1211 2101 1280 correlatiue
2129 1233 2182 1279 re·

168 1298 396 1366 conscientias
422 1299 617 1384 ambiguas,
644 1310 681 1364 vt
709 1319 877 1384 nunquam
901 1309 1041 1383 pacatae
1070 1315 1148 1362 esse
1199 1298 1331 1383 quirere
1353 1295 1465 1376 iidem,
1489 1317 1555 1362 neo
1575 1317 1680 1383 posse
1699 1297 1902 1382 apprehendi
1915 1301 1979 1364 nisi
1992 1298 2069 1364 lide
2104 1299 2181 1366 lure

147 1396 305 1471 ¹queant,
329 1384 408 1470 quia
430 1380 486 1448 lex
507 1403 641 1469 semper
661 1397 801 1451 accusat
818 1386 991 1450 nosetiem
1003 1385 1037 1448 in
1049 1383 1149 1449 bonis
1198 1383 1300 1470 igitur
1321 1382 1596 1468 reprehendimus
1619 1382 1805 1449 doctrinam
1825 1385 1868 1450 de
1879 1386 1998 1452 merito
2009 1385 2180 1471 condigni,

169 1470 337 1554 operibns.
382 1468 525 1555 Semper
544 1471 630 1535 enim
653 1490 734 1536 caro
757 1470 967 1554 concupiscit
983 1470 1149 1535 aduersus
1200 1490 1274 1535 cum
1302 1466 1386 1534 nihil
1408 1470 1457 1551 ‘de
1482 1467 1550 1533 fide
1576 1467 1777 1535 iustificante
1803 1470 1932 1555 tradat,
1962 1484 1996 1536 et
2018 1473 2181 1537 obscuret

168 1555 332 1642 spiritum·
383 1553 560 1628 Quomodo
586 1556 687 1641 igitur
707 1555 764 1620 hic
784 1552 921 1622 habehit
943 1555 1149 1621 conscientia
1199 1547 1340 1642 gloriam
1363 1562 1397 1619 et
1418 1552 1565 1620 officium
1586 1555 1777 1620 mediatoris
1796 1554 1930 1622 Christi.
1974 1556 2091 1642 Neque
2113 1574 2178 1622 nos

167 1660 288 1727 pacem
310 1639 385 1705 sine
406 1638 486 1719 fide,
507 1639 546 1705 Si
569 1643 688 1706 sentiet
709 1642 801 1727 qnod
821 1661 889 1707 non
903 1653 1042 1726 propter
1053 1639 1148 1705 Chri·
1199 1640 1379 1726 quidquam
1400 1640 1467 1707 hac
1488 1641 1522 1705 iu
1543 1660 1582 1705 re
1604 1642 1683 1706 noni
1695 1641 1820 1706 dooere
1830 1643 2040 1708 existimandi
2050 1662 2178 1722 sumus,

169 1735 279 1804 atum,
302 1725 363 1790 sed
385 1737 523 1812 propter
544 1746 630 1810 opus
650 1728 822 1876 proprium
844 1727 909 1792 iam
930 1725 1069 1810 placere
1091 1727 1147 1791 de·
1199 1746 1274 1791 cunr
1286 1737 1411 1876 petras
1428 1723 1633 1792 inllcolesia
1653 1726 1743 1791 hanc
1766 1729 1972 1795 sentenciam
1995 1739 2062 1794 tam
2086 1727 2179 1795 clare

168 1812 259 1878 hest.
305 1810 405 1885 Quod
432 1830 519 1896 opus
549 1812 649 1877 innen
662 1823 711 1891 et,
742 1813 833 1897 quod
859 1822 985 1879 statuet
1013 1813 1148 1897 dignum
1198 1812 1284 1877 tradi
1309 1813 1407 1890 erint,
1430 1812 1523 1896 quod
1543 1813 1775 1878 misericordia
1796 1815 2006 1899 indigeamus
2029 1816 2127 1879 etiam
2144 1817 2178 1879 in

169 1915 250 1963 esse
283 1898 351 1962 rita
386 1896 545 1964 aeterna?
599 1898 636 1964 Si
670 1898 801 1985 quidem
834 1917 915 1984 spes
948 1919 990 1964 ex
1022 1897 1149 1963 meritis
1201 1898 1297 1963 honis
1315 1898 1483 1981 operibus.
1528 1896 1573 1961 Et
1594 1898 1762 1981 scriptura
1784 1899 1870 1964 idem
1891 1917 1996 1984 saepe
2019 1898 2177 1965 inculcat.

170 1982 272 2048 dehet
305 1985 352 2061 ⁶⁹)
385 1982 542 2048 existere.
606 1984 783 2050 Aduersus
820 1982 883 2049 has
916 1983 1149 2050 dubitaciones
1199 1982 1236 2046 ln
1258 1979 1407 2048 Psalmo.
1452 1981 1528 2047 Non
1547 1983 1653 2047 intres
1673 1984 1708 2048 in
1730 1983 1885 2051 iudicium
1907 1997 2177 2065 cumsemotuo,

169 2065 297 2134 Paulus
318 2068 434 2153 inquit.
487 2067 661 2136 iustificati
683 2089 725 2135 ex
746 2068 813 2135 fide
834 2089 952 2154 paoem
973 2070 1149 2146 habemus,
1199 2069 1278 2154 quia
1309 2087 1379 2133 non
1410 2065 1646 2133 iustificabitur
1678 2069 1710 2133 in
1749 2081 1935 2154 conspectu
1975 2082 2034 2136 tuo
2068 2071 2178 2136 omnis

171 2165 263 2219 certo
297 2163 446 2219 statuere
478 2154 657 2236 debemus,
691 2156 781 2262 quod
814 2167 951 2241 propter
979 2154 1149 2220 Christum
1199 2154 1329 2218 vinens.
1390 2153 1454 2218 llic
1492 2149 1688 2239 simpliciter
1719 2154 1862 2220 detrahit
1893 2157 2046 2222 omnibus
2079 2157 2178 2222 etiam

173 2239 316 2305 donetur
335 2240 433 2304 nohis
453 2240 600 2320 iusticia,
621 2253 656 2305 et
675 2251 899 2308 vrtaaeterua.
933 2239 1029 2307 Etde
1041 2240 1149 2306 Abra·
1199 2239 1328 2305 sanctis
1362 2251 1396 2303 et
1426 2240 1537 2304 seruis
1569 2236 1634 2304 Dei
1668 2239 1809 2326 gloriam
1841 2241 2011 2320 iusticiae,
2047 2242 2076 2305 si
2108 2260 2178 2307 non

171 2323 253 2390 ham
271 2325 330 2404 ait,
350 2335 469 2390 eontra
488 2344 582 2411 spem
604 2327 638 2391 ln
660 2347 758 2412 spem
780 2328 931 2393 eredidit.
1197 2324 1356 2412 ignoscm
1369 2323 1477 2401 Deus,
1500 2324 1563 2389 sed
1584 2326 1707 2391 iudicet
1727 2336 1760 2390 et
1782 2346 1822 2390 ar
1868 2338 1903 2392 at
1924 2329 2029 2393 corda
2051 2345 2176 2392 eorum.

258 2408 383 2475 Tertio.
438 2409 615 2484 Quomodo
644 2414 731 2478 sciet
758 2413 979 2491 conscientia,
1013 2411 1148 2499 quando
1198 2413 1286 2478 Nam
1313 2411 1403 2496 qnod
1430 2408 1509 2477 'alibi
1538 2406 1702 2498 gloriatur
1727 2408 1817 2478 Daui
1872 2413 1915 2478 de
1940 2432 2002 2478 sua
2031 2412 2178 2492 iusticia,

171 2515 259 2579 opus
272 2492 454 2563 inclinante
469 2493 530 2562 iilo
545 2493 664 2564 hahita
680 2497 867 2565 dilectionis
889 2496 1014 2564 lactum
1036 2497 1091 2576 ait,
1111 2508 1149 2563 vt
1197 2495 1345 2582 loquitur
1365 2495 1408 2560 de
1428 2515 1533 2562 causa
1553 2515 1616 2562 sua
1638 2497 1804 2562 aduersus
1825 2511 2063 2584 persecutores
2080 2499 2177 2565 verbi

171 2593 320 2647 statuere
331 2582 451 2666 possit,
518 2583 564 2646 od
574 2584 617 2648 dc
628 2584 796 2670 condigno
806 2594 974 2649 mereatur
985 2579 1150 2667 gratiam?
1198 2580 1282 2660 Dei,
1302 2600 1371 2646 non
1392 2577 1540 2665 loquitur
1562 2581 1606 2647 de
1625 2580 1794 2665 personali
1816 2585 2001 2663 mendicis,
2024 2594 2059 2650 et
2079 2594 2179 2670 rogat

171 2664 241 2734 Sed
262 2667 350 2732 haec
371 2668 448 2750 ipsa
493 2669 640 2733 ‘tinctio
661 2680 787 2736 tantum
810 2669 853 2735 ad
869 2665 1054 2735 eludenda
1065 2666 1149 2733 sori·
1200 2685 1336 2732 cansam
1369 2675 1402 2731 et
1435 2662 1577 2751 gloriam
1603 2665 1668 2731 Dei
1695 2664 1847 2746 delendi,
1879 2681 1916 2734 vt
1943 2667 2078 2736 Psalmo
2106 2671 2175 2753 xij.

194 2763 288 2817 turae
310 2751 455 2819 conficta
476 2765 546 2831 est,
573 2756 665 2840 qnod
690 2753 778 2820 alias
803 2755 847 2819 de
865 2773 1035 2840 congruo,
1064 2749 1149 2818 alias
1198 2746 1312 2818 ludica
1339 2769 1394 2817 me
1422 2752 1571 2830 domine,
1592 2752 1777 2819 secundum
1798 2753 1963 2819 iusticiam
1984 2775 2109 2835 meam,
2143 2767 2178 2822 et

169 2773 214 2902 le
241 2837 411 2925 condigno
436 2851 629 2905 mereantur
654 2839 822 2919 homines,
856 2840 950 2926 quia,
980 2849 1019 2905 rt
1045 2856 1149 2924 supra
1198 2836 1383 2903 monadum
1409 2838 1634 2904 innocentiam
1666 2857 1774 2904 meam
1806 2856 1910 2922 snper
1940 2858 2011 2920 me,
2043 2840 2177 2908 Rursus

170 2923 331 3002 diximus,
358 2925 500 2990 Intentio
530 2928 700 3013 operantis
726 2947 794 2992 non
821 2927 920 2992 distin
969 2929 995 2991 it
1023 2942 1148 3012 genera
1197 2918 1334 2989 Psalmo
1358 2924 1468 2988 cxxhc
1490 2924 1546 2989 ait.
1585 2922 1758 2989 Neminem
1780 2942 1886 3010 posse
1907 2925 2076 2991 sustinere
2097 2927 2178 2992 iudi·
2239 2939 2243 2946 '

168 3009 379 3088 meritorum,
405 3009 468 3076 sed
488 3008 694 3096 Hypocritae
713 3013 829 3079 seonri
847 2946 1001 3078 senclrlut
1022 3005 1147 3095 simpli·
1197 3010 1285 3076 cinm
1308 3005 1390 3080 Dei,
1419 3010 1450 3074 si
1479 3010 1639 3076 ohseruet
1663 3017 1808 3094 peccata
1828 3019 1955 3076 nostra.
2000 3011 2038 3076 Si
2058 3012 2177 3096 iniqui·

169 3095 253 3161 oiter
274 3113 379 3179 opera
398 3113 462 3161 sua
484 3115 563 3161 esse
585 3097 699 3186 digna,
721 3108 758 3163 rt
773 3097 1038 3184 propterca-iusti
1050 3114 1145 3182 repn·
1197 3105 1291 3161 tatss
1309 3094 1545 3174 ohsemancris
1563 3095 1706 3174 domine,
1727 3095 1861 3161 domine
1881 3097 1957 3182 quis
1976 3096 2177 3163 sustinebiti

167 3188 291 3245 tantur.
334 3178 485 3247 Econtra
512 3183 648 3250 territae
677 3185 905 3251 conscientiae
926 3185 970 3250 de
993 3183 1147 3248 omnihus
1196 3179 1241 3246 Et
1266 3179 1328 3247 loh
1354 3181 1399 3247 ix.
1434 3180 1589 3247 Verebar
1614 3184 1726 3247 omnia
1755 3201 1859 3268 opera
1884 3201 1969 3249 maer
2012 3181 2110 3262 item,
2139 3181 2177 3248 81

168 3266 328 3349 operibus
363 3267 527 3333 dubitant.
582 3267 663 3335 ldeo
695 3270 839 3337 subinde
870 3267 938 3335 alia
969 3277 1146 3354 quaerunt.
1197 3264 1288 3333 lotus
1314 3263 1412 3332 fuero
1439 3269 1539 3352 quasi
1565 3268 1663 3352 aquia
1695 3267 1799 3348 niuis,
1832 3280 1866 3335 et
1897 3265 2053 3336 fulserint
2086 3264 2178 3335 velut

168 3349 246 3421 lloc
264 3361 319 3418 est
341 3351 427 3418 enlm
449 3353 493 3417 de
515 3374 667 3441 coupmo
687 3356 819 3434 mereri,
842 3355 1004 3435 dubitare,
1026 3355 1147 3420 steine
1197 3353 1437 3420 mundissimae
1457 3372 1699 3433 manuamcae,
1719 3363 1829 3419 tumen
1852 3356 2008 3421 sordibus
2030 3353 2177 3441 intinges
2203 3369 2206 3372 ·

168 3435 237 3502 lide
259 3438 411 3523 operari,
433 3439 541 3505 donec
564 3442 627 3506 des
670 3442 756 3507 ratio
778 3440 903 3507 incidit
946 3441 985 3506 ln
1006 3458 1147 3518 nmmo,
1197 3457 1262 3505 me.
1297 3436 1342 3504 Et
1363 3436 1526 3508 Proceri).
1548 3458 1604 3505 ax.
1644 3437 1730 3512 Quis
1750 3450 1864 3524 potest
1885 3442 1998 3507 dicere
2019 3441 2177 3506 mundum

166 3519 269 3676 nm
290 3542 441 3616 errorum
463 3535 497 3590 et
517 3527 591 3612 peri
647 3547 741 3595 orum
763 3537 843 3593 sunt
865 3526 977 3593 manle
1003 3544 1092 3613 quac
1110 3525 1146 3591 in
1197 3533 1252 3591 cst
1268 3542 1329 3589 cor
1345 3524 1479 3592 meumi
1498 3544 1605 3612 purus
1615 3538 1884 3610 sumapecoato.
1907 3526 1951 3592 Et
1962 3527 2005 3593 .1.
2017 3525 2131 3592 lohen.
2145 3526 2175 3593 l.
2244 3585 2248 3591 .

215 3628 236 3674 o
256 3609 453 3676 retrudunt
473 3611 670 3699 aduersarij.
1197 3609 1235 3677 st
1257 3609 1456 3690 dixerimus,
1484 3612 1574 3699 quod
1602 3621 1778 3697 peecatum
1806 3631 1875 3677 aon
1901 3610 2083 3691 hahemus,
2110 3611 2176 3695 ipsi

255 3694 396 3769 Quarto.
443 3695 529 3763 'l'ots
549 3696 707 3765 Ecclesia
728 3696 926 3777 confitetur,
978 3696 1047 3762 uod
1074 3696 1146 3762 rita
1197 3715 1264 3762 nos
1289 3697 1499 3778 seducimus,
1529 3708 1565 3763 et
1589 3697 1717 3763 veritas
1744 3697 1778 3762 in
1805 3698 1904 3764 nobis
1932 3715 2000 3762 non
2029 3707 2084 3762 est
2110 3707 2175 3762 eto.

167 3791 306 3847 aeterna
336 3801 397 3866 per
424 3782 686 3850 misericordiam
719 3786 901 3872 contingat.
993 3784 1025 3850 ic
1057 3783 1145 3849 enlm
1196 3779 1645 3863 EtinorationeDominica,
1669 3781 1784 3848 Sancti
1805 3793 1920 3868 petunt
1941 3783 2175 3848 remissionem

165 3865 1039 4021 ¹2imppp„spgpppgpmptrp
1053 3865 1145 4018 itt
1195 3878 1422 4018 mse
1461 3866 2174 4037 ltl⁰tr¹tllzttntilt⁰ttinl

232 3972 487 4118 tionemoqiactis,
508 3975 732 4106 Nonplneritis
753 4040 892 4119 nostris,
912 3974 1082 4103 nllr'sno·
1101 4038 1145 4104 ad
1195 3974 1453 4104 utneutmnlr‘.
1468 4001 1543 4140 iiij..
1558 4037 1655 4104 Deus
1676 4051 1753 4105 tuns
1774 4041 1866 4128 ignis
1887 4058 2090 4120 consumens
2108 3998 2173 4106 est:

165 4137 338 4191 aeternam
358 4125 472 4203 vitam,
495 4126 556 4191 scd
602 4147 643 4192 ro
664 4144 728 4192 sua
748 4125 962 4192 miseratione
983 4122 1143 4209 perducit
1197 4119 1504 4188 EtZucharIaaart.
1537 4120 1642 4190 sileat
1659 4142 1681 4189 a
1698 4121 1786 4190 facie
1807 4125 1930 4191 domini
1952 4126 2059 4190 omnis
2082 4140 2173 4191 caro.

163 4208 211 4277 Bt
230 4208 288 4276 lib.
309 4212 354 4276 ix.
378 4207 538 4276 Cunissa.
593 4231 635 4278 ae
656 4208 828 4278 hominum
853 4211 943 4277 vitae
971 4220 1144 4295 quantum·
1196 4207 1240 4273 Et
1260 4206 1390 4274 Esaias.
1436 4206 1554 4276 Omnis
1584 4229 1666 4275 caro
1695 4204 1849 4289 foenum,
1876 4222 1912 4276 et
1933 4210 2044 4276 omnis
2065 4207 2175 4297 gloria

164 4316 300 4448 Fiupupae
320 4293 495 4375 laudabili,
517 4297 547 4362 si
569 4308 699 4363 remota
719 4296 949 4364 misericordia
970 4294 1142 4362 iudicetur.
1197 4296 1269 4360 eius
1290 4294 1388 4446 poesi
1410 4292 1478 4360 ilos
1498 4294 1583 4380 egri.
1615 4293 1809 4361 Exiccatum
1831 4305 1886 4361 est
1906 4293 2054 4374 loenmu,
2076 4307 2174 4361 etce-

163 4466 218 4534 lle
228 4470 306 4553 quis
316 4469 381 4534 sihi
392 4468 488 4553 quasi
500 4470 661 4536 innocens
695 4467 815 4550 laceat,
836 4482 872 4537 et
893 4488 933 4534 sc
950 4465 1145 4534 extollendo
1165 4457 1173 4525 l
1196 4477 1261 4545 eat,
1283 4485 1383 4545 caro,
1410 4477 1445 4532 et
1471 4466 1605 4532 iusticia
1632 4468 1762 4546 carnis,
1790 4487 1862 4532 uon
1879 4478 1993 4569 potest
2015 4466 2173 4532 sustineri

162 4551 242 4641 piac
259 4564 388 4640 percat,
408 4555 587 4622 instruitur
607 4567 641 4622 ct
681 4567 799 4624 ocetur
819 4574 964 4642 peccaro
983 4555 1144 4708 Quotidie,
1194 4552 1352 4618 indicium
1372 4550 1448 4618 Dei.
1491 4550 1536 4618 Et
1562 4551 1664 4619 lonas
1689 4553 1736 4619 ait
1765 4548 1848 4640 Cep.
1870 4554 1905 4636 ir.
1949 4553 2090 4618 Frustra
2112 4554 2173 4619 oh·

168 4638 249 4706 dum
270 4639 419 4725 quotidie
436 4659 499 4726 pro
519 4642 672 4727 peccatis
693 4643 825 4709 inhetur
845 4661 963 4718 orare,
1017 4640 1060 4705 ed
1087 4657 1144 4704 res
1195 4648 1333 4704 aarum
1351 4656 1456 4717 rana,
1476 4640 1533 4724 qui
1554 4638 1816 4705 misericordiam
1838 4622 1901 4704 reli
1924 4650 2025 4719 nunt,
2051 4637 2086 4704 id
2108 4647 2174 4718 cst,

162 4737 247 4793 nota
267 4736 323 4791 est
344 4735 379 4791 et
398 4724 501 4793 hahet
547 4724 666 4794 lurima
687 4738 721 4793 et
743 4725 932 4795 clarissima
956 4727 1145 4792 testimonia
1198 4722 1319 4791 Omnis
1340 4722 1464 4789 flducia
1485 4734 1540 4788 est
1560 4725 1689 4804 inanis,
1718 4735 1853 4808 practer
1873 4659 2027 4791 fllaciam
2049 4724 2174 4791 miseri-

164 4811 201 4879 iu
221 4812 392 4898 amipm
407 4822 443 4879 et
458 4749 710 4881 Ecclesiastiois
729 4815 894 4900 patribus,
916 4814 973 4901 qui
994 4831 1064 4880 vno
1084 4829 1144 4878 ore
1197 4809 1350 4888 cordiae,
1378 4807 1612 4875 Misericordia
1638 4822 1754 4876 seruat
1775 4829 1848 4875 nos.
1892 4809 2035 4895 Propria
2055 4811 2173 4876 merita

265 4382 425 4468 yprianus
450 4383 485 4448 in
513 4384 726 4449 enarratione
754 4383 916 4450 orationis
936 4379 1144 4462 Dominioae,
1197 4382 1276 4446 cidit
1320 4398 1379 4460 os,
1406 4382 1485 4467 quia
1505 4381 1644 4465 spiritus
1665 4379 1800 4447 Domini
1822 4379 1971 4447 snffluuit
1992 4382 2027 4446 in
2048 4400 2110 4458 eo,
2139 4381 2174 4447 id

1195 4895 1322 5046 propr&
1346 4904 1489 4961 conatus
1511 4915 1581 4962 nou
1606 4906 1745 4963 cernant
1771 4914 1846 4961 nos.
1891 4894 1971 4962 ideo
1993 4906 2028 4962 et
2048 4892 2172 4961 Daniel

170 5000 177 5023 '
1195 4993 1271 5048 orat
1323 5000 1375 5067 rp.
1397 4981 1442 5046 ix.
1485 4979 1603 5068 Neque
1630 4982 1718 5047 enim
1743 4980 2089 5086 iniustificationihus
2109 4999 2172 5045 uo·

163 5119 938 5259 ”tererestereres
957 5133 1146 5257 mere:
1195 5067 2172 5255 ffitiiidmffssdih‘tiim

234 5250 1042 5327 &werona-eremmmsam.
1195 5239 1302 5319 aloc,
1335 5238 1474 5306 attende
1496 5250 1531 5307 at
1556 5237 1633 5321 tac,
1663 5238 2035 5325 Nemoroetqropter
2055 5245 2172 5303 m
