4694 6038
158 342 227 416 soa
352 400 361 435 „
539 349 541 353 ¹
610 339 723 409 anu.
743 296 850 409 uun.
870 337 1059 407 somma
1077 335 1351 407 nonnanes
1371 336 1429 409 rr
1450 336 1725 408 simonos
2112 339 2182 407 ror

162 534 268 602 aerbo
282 527 371 635 pel,
401 530 540 632 Aenos
561 527 685 595 clarius
706 527 864 606 dicimus,
886 528 1143 630 sicutterroroes
1163 557 1170 638 q
1194 525 1383 631 obedientia
1404 545 1486 614 erga
1506 526 1624 632 legem·
1639 528 1771 606 dieunt,
1799 526 1878 592 Non
1899 527 2014 594 dicunt
2033 531 2078 635 dq
2098 531 2182 596 obe·

160 614 1073 780 uitiititini,nitidisnitidis
1094 632 1143 763 itt
1193 611 1830 784 ittt'nt‘ttdtttiiniit
1846 612 2082 786 diffini}
2104 634 2183 767 3

163 790 285 876 gientis
305 789 461 855 iudicium
478 786 560 866 Dei,
590 789 639 852 lta
659 785 743 851 fides
772 796 914 850 estnon
936 796 1063 850 tantum
1083 804 1143 849 no·
1194 804 1263 850 nou
1292 785 1462 868 possimus
1492 783 1629 870 diligere
1649 783 1778 862 Deum,
1812 786 1877 850 nisi
1902 797 2044 872 accepto
2064 787 2183 852 remis·

162 877 241 941 ticia
265 875 298 939 iu
327 871 511 952 intellectu,
539 874 601 938 sed
627 873 724 937 etiam
753 869 876 936 fiducia
903 869 1144 946 involantum,
1196 872 1291 937 sione
1313 880 1540 955 peccatorum.
1585 868 1706 936 Donec
1726 870 1811 935 enim
1832 873 1996 938 sentimus
2024 892 2101 938 curn
2121 892 2183 938 no·

161 960 230 1028 lroc
263 971 315 1025 est
322 1005 334 1039 ‚
366 971 417 1024 est
444 956 548 1038 velle,
576 969 609 1023 et
636 958 791 1041 accipere
813 955 880 1020 boc
902 958 992 1041 quod
1011 959 1047 1021 iu
1067 975 1144 1041 pro·
1196 958 1249 1022 bis
1275 959 1395 1034 irasci,
1412 968 1547 1023 natura
1572 954 1717 1021 bumana
1744 954 1829 1041 fugit
1854 958 1938 1021 iram
1967 968 2003 1023 et
2023 958 2182 1024 iudicium

70 1099 73 1105 .
163 1046 324 1114 missione
345 1044 494 1123 offertur,
517 1043 685 1123 videlicet,
705 1040 1020 1124 reconciliationem,
1038 1054 1071 1107 et
1093 1060 1146 1106 re·
1196 1044 1279 1110 eius.
1316 1043 1429 1127 Siquis
1450 1042 1518 1108 boc
1538 1043 1639 1108 etiam
1659 1039 1845 1118 cauilletur,
1864 1041 1903 1107 Si
1919 1041 2006 1108 fides
2023 1055 2080 1110 est
2095 1062 2184 1130 quac

163 1131 354 1201 missionem
377 1144 604 1215 peccatorum,
626 1129 684 1196 Sic
701 1129 803 1193 vritur
819 1128 953 1193 nomine
969 1127 1046 1192 fidei
1064 1127 1146 1193 scri·
1196 1126 1267 1196 vult
1287 1125 1363 1204 illa,
1391 1148 1477 1213 quae
1499 1128 1533 1191 in
1553 1128 1777 1213 promissione
1799 1127 1999 1209 offeruntur,
2026 1130 2184 1196 viderur

163 1229 278 1304 ptura,
310 1227 346 1282 vt
372 1227 513 1280 testatur
541 1217 626 1281 baec
653 1215 817 1278 sententia
840 1211 954 1293 Pauli,
975 1211 1146 1279 lustibcati
1198 1213 1356 1281 confundi
1387 1211 1541 1292 babitus,
1575 1212 1678 1291 tides,
1712 1223 1870 1298 stapes,
1927 1215 1981 1280 uia
2012 1233 2097 1300 spes
2131 1224 2185 1280 est

164 1323 207 1368 ex
237 1300 303 1367 lide
335 1321 453 1386 pacem
480 1300 643 1369 babemus
676 1319 759 1385 erga
791 1297 913 1364 Deum.
961 1298 1147 1364 lustificare
1197 1320 1284 1386 quae
1312 1309 1468 1384 expectat
1492 1319 1548 1364 res
1576 1300 1775 1384 promissas.
1826 1298 1882 1363 Ad
1903 1235 1978 1365 lioc
1999 1302 2185 1385 responde·

163 1406 245 1454 varo
274 1385 339 1453 hoc
367 1384 465 1465 loco,
492 1386 620 1452 forensi
643 1386 883 1450 consuetudine
905 1385 1073 1471 significat
1093 1402 1145 1447 re·
1196 1407 1283 1464 mus,
1304 1385 1376 1450 llos
1399 1383 1540 1450 allectus
1561 1405 1630 1450 uon
1659 1385 1706 1449 ita
1727 1382 1841 1450 diuelli
1862 1404 1966 1467 posse
1987 1386 2121 1470 reipsa,
2149 1396 2185 1452 rt

162 1494 218 1541 um
239 1469 436 1550 absoluere,
459 1483 492 1537 et
515 1472 738 1558 pronunciare
760 1471 898 1551 iustum,
921 1472 990 1537 Sed
1009 1480 1147 1555 propter
1197 1473 1231 1536 iu
1252 1468 1380 1537 scholis
1408 1470 1597 1536 distrahunt
1625 1471 1753 1535 ociosis
1782 1471 2053 1556 cogitationibus.
2098 1471 2185 1537 Nam

162 1557 305 1625 alienam
336 1558 519 1636 iusticiam,
552 1555 709 1623 videlicet
741 1554 885 1633 Christi,
919 1576 1006 1642 quae
1038 1554 1148 1620 aliena
1197 1569 1231 1623 et
1252 1559 1295 1623 ad
1317 1557 1450 1622 Ebreos
1472 1555 1628 1621 delinitur
1648 1555 1733 1621 fides
1762 1575 1840 1621 esse
1863 1559 2052 1640 expectatio
2074 1577 2186 1623 rerum

162 1642 295 1711 iusticia
328 1645 591 1709 communicetur
628 1643 728 1707 uobis
758 1662 820 1726 per
859 1642 971 1707 fidem.
1032 1641 1148 1725 ltaque
1197 1644 1449 1728 sperandarum.
1493 1640 1608 1727 Siquis
1629 1652 1740 1707 tamen
1757 1639 1850 1707 volet
1868 1641 2022 1718 discerni,
2045 1642 2184 1708 dicimus

164 1750 241 1796 cum
263 1729 330 1795 boc
357 1725 433 1793 loco
456 1730 588 1794 iusticia
612 1739 729 1794 nostra
750 1729 793 1793 sit
814 1728 996 1812 imputaoio
1018 1724 1149 1792 alienae
1198 1730 1272 1811 spei
1293 1729 1460 1794 obiectum
1484 1728 1624 1812 proprie
1649 1745 1729 1792 esse
1750 1738 1906 1793 euentum
1927 1724 2087 1796 bitum
2132 1728 2184 1794 ii-

118 1821 121 1825 ’
162 1816 327 1888 iusticias,
350 1811 446 1880 aliter
463 1813 519 1880 bic
537 1817 579 1880 de
597 1814 727 1880 iusticia
744 1811 946 1899 loquendum
963 1824 1026 1893 est,
1050 1831 1150 1897 quam
1199 1815 1273 1879 dem
1295 1826 1405 1880 autern
1427 1814 1595 1878 derebus
1616 1810 1753 1891 lutaris,
1783 1823 1817 1878 et
1837 1814 2075 1896 praesentibus
2097 1834 2187 1894 esse,

163 1921 239 1967 cum
266 1903 300 1965 in
333 1898 567 2002 Philosophia,
596 1912 653 1966 aut
681 1900 715 1963 iu
742 1899 818 1964 foro
842 1901 1033 2004 quaerimus
1056 1897 1148 1962 iusti·
1199 1913 1233 1965 et
1253 1900 1419 2005 qccipere·
1429 1899 1462 1963 in
1485 1899 1676 2004 praefentia
1704 1899 1935 2004 remissionem
1956 1911 2185 2004 peccatoram,

161 2006 249 2139 titi
272 2005 408 2137 itit
426 1996 945 2156 titi⁸z1i⁰itniit⁰r⁸‘ti
965 1983 1150 2155 iiiiii·
1198 1983 1706 2158 iiiimxiiii·
1724 1983 2186 2158 demittitis&

162 2158 247 2222 estis
270 2158 303 2222 in
327 2156 464 2223 Christo
485 2160 580 2234 lesu,
607 2157 663 2242 qui
686 2153 799 2222 factus
820 2166 874 2220 est
895 2157 994 2223 uobis
1017 2157 1148 2239 sapien·
1199 2158 1344 2234 sentire,
1372 2156 1463 2242 quod
1496 2155 1562 2220 lide
1595 2154 1831 2234 iustificemur,
1863 2155 2124 2225 reconciliemur
2155 2169 2188 2224 et

161 2243 209 2308 tia
228 2262 250 2306 a
284 2240 379 2321 Deo,
405 2242 557 2320 iusticia,
580 2252 612 2306 et
634 2240 874 2320 sanctificatio,
896 2253 930 2307 et
950 2239 1148 2324 redemptio.
1198 2261 1446 2328 regeneremur.
1496 2237 1667 2326 Siquidem
1691 2241 1856 2307 iusticiam
1888 2239 2088 2330 Euangelij,
2119 2263 2188 2310 uon

160 2327 205 2394 Et
223 2328 266 2414 ij.
300 2326 451 2432 (lorintlr
470 2349 503 2392 v.
552 2322 636 2392 Eum
665 2328 721 2412 qui
749 2345 817 2389 nou
845 2329 940 2430 nouit
960 2338 1149 2429 peccatum,
1198 2327 1361 2431 iusticiam
1394 2324 1483 2432 legis
1511 2328 1634 2432 dqceqe
1661 2324 1836 2405 volumus,
1864 2324 1951 2432 llam
1974 2329 2189 2433 qpiodocerrt,
2251 2346 2255 2351 ’

160 2435 225 2565 il?
238 2408 1150 2583 iiiiiitfitittn*inliditititttltiss
1199 2413 1295 2575 itit,
1321 2411 1777 2563 iiiiiittitfitittt
1806 2410 2188 2569 ididiiwdmamii

162 2585 262 2648 nobis
292 2583 494 2666 perfidem,
526 2584 602 2648 ideo
630 2581 717 2648 fides
747 2593 799 2648 est
825 2584 960 2651 iusticia
980 2584 1014 2649 in
1036 2581 1149 2659 nobis,
1199 2584 1342 2651 catione.
1393 2581 1436 2649 Et
1464 2581 1549 2648 baec
1577 2579 1874 2663 manifestarunt,
1902 2587 1996 2670 quod
2016 2605 2088 2651 noo
2108 2583 2189 2652 dile·

162 2669 372 2753 imputatiue,
405 2670 439 2735 id
472 2679 542 2748 cst,
577 2679 631 2734 est
662 2669 697 2734 id
729 2689 796 2755 quo
824 2666 990 2736 allicimur
1017 2668 1148 2752 accepti
1172 2665 1177 2691 '
1199 2670 1321 2748 ctione,
1343 2671 1404 2735 sed
1428 2667 1496 2734 fide
1518 2671 1694 2735 vincamus
1714 2681 1865 2735 tenores
1881 2672 2028 2754 peccati,
2052 2682 2088 2737 et
2104 2691 2187 2738 mor·

160 2752 256 2834 Deo,
330 2765 427 2820 oter
457 2754 713 2838 imputaclonem
745 2766 779 2820 et
806 2756 1048 2822 ordinationem
1070 2751 1148 2830 Dei,
1198 2755 1262 2834 tis,
1297 2757 1387 2841 quod
1415 2775 1485 2820 noa
1511 2757 1684 2859 possimus
1717 2765 1866 2821 nostrem
1900 2752 2189 2836 dicationem

162 2839 251 2906 sicut
308 2775 407 2906 aolus
440 2841 497 2905 ait.
551 2839 652 2905 Fides
684 2841 862 2924 imputatur
894 2843 937 2906 ad
969 2840 1147 2907 iusticiam.
1196 2838 1427 2925 implecionem
1456 2838 1541 2926 legra
1567 2860 1738 2926 opponere
1764 2841 1835 2906 irae
1855 2838 1941 2921 nei,
1961 2843 2040 2928 quia
2061 2841 2189 2909 Paulus

160 2923 206 2995 Et
225 2926 257 2990 si
277 2936 415 3011 propter
431 2945 590 2992 morosos
607 2927 769 3011 quosdam
780 2932 991 3007 ιεχνολογικῶς
1007 2925 1147 3011 loquen·
1198 2926 1296 3004 dicit,
1328 2946 1390 3012 per
1418 2923 1589 2993 Christum
1617 2925 1780 2993 babemus
1808 2946 1983 2993 accesm
2008 2929 2054 2993 ad
2075 2925 2191 2996 Deum

160 3012 240 3079 dum
263 3023 326 3079 est
370 3012 473 3077 Fides·
495 3021 589 3077 recte
610 3023 663 3078 est
682 3013 832 3091 iusticie,
861 3014 941 3098 quia
960 3022 1014 3078 est
1033 3011 1148 3077 obedi
1197 3031 1257 3097 per
1280 3011 1388 3077 iidem.
1420 3011 1517 3077 Hauc
1538 3014 1742 3078 sentenciam
1763 3012 1869 3081 toties
1884 3009 2089 3078 uatem
2105 3035 2191 3098 pro-

161 3096 250 3165 eutia
272 3119 355 3184 erga
376 3095 607 3182 Euangeliom.
653 3095 797 3164 Constat
817 3100 907 3163 enim
926 3098 1147 3165 obedientiam
1197 3107 1272 3182 pter
1303 3097 1585 3183 perspicuitatem.
1634 3097 1751 3164 Totius
1778 3100 1867 3164 eoin
1891 3117 2019 3164 musae
2045 3108 2192 3167 nonnae

161 3201 246 3268 erga
267 3184 415 3250 edictum
436 3183 639 3268 superioris,
666 3204 747 3249 vere
770 3203 849 3250 esse
870 3187 1020 3269 speciem
1040 3181 1147 3248 distri·
1198 3193 1322 3248 statum
1348 3180 1533 3256 clarissime
1561 3185 1718 3250 ostendit.
1769 3181 1813 3249 Et
1835 3183 1889 3248 d⁰'
1931 3194 2009 3249 uter
2028 3184 2191 3268 inspecta

160 3269 299 3335 butiuae
324 3269 484 3337 iusticias.
532 3266 575 3334 Et
603 3267 690 3334 baec
717 3271 908 3336 obedientia
934 3289 1017 3357 erga
1038 3267 1148 3334 Euan·
1198 3269 1331 3335 abunde
1352 3269 1394 3335 de
1415 3280 1488 3336 toto
1507 3289 1547 3334 re
1569 3271 1702 3346 docere,
1725 3280 1759 3335 et
1781 3288 1888 3336 conso
1940 3269 2088 3335 ‘bom
2102 3291 2190 3337 mer·

163 3351 299 3442 gellam,
319 3355 499 3438 imputetur
520 3376 582 3442 pro
604 3354 739 3421 iusticia
752 3357 851 3433 adeo,
872 3368 910 3423 vt
927 3368 1053 3422 tantum
1070 3373 1148 3438 pro·
1197 3365 1251 3420 tes
1282 3367 1408 3440 potest.
1462 3355 1543 3421 ldeo
1574 3356 1715 3441 prodest
1747 3374 1823 3420 eam
1849 3356 1886 3420 in
1912 3365 2076 3441 prompta
2101 3367 2136 3422 et
2152 3357 2188 3422 ln

185 3449 239 3505 ter
258 3437 367 3518 bano,
395 3440 474 3526 quia
494 3438 560 3506 beo
590 3440 870 3526 apprehendimus
889 3443 1148 3526 propiciatorem
1199 3452 1384 3526 conspeetu
1413 3439 1562 3520 babere,
1593 3461 1663 3506 non
1689 3439 1799 3506 solum
1824 3452 1865 3506 vt
1885 3459 2061 3526 opponere
2078 3441 2187 3526 possi·

160 3459 345 3605 &hristum
365 3522 521 3609 placeant
538 3527 629 3592 bona
645 3546 760 3612 opera,
782 3545 843 3592 seu
861 3528 1051 3594 obedientia
1066 3544 1152 3612 erga
1197 3546 1272 3592 mus
1294 3527 1564 3593 aduersariorum
1581 3528 1768 3606 doctrinae,
1789 3526 1846 3612 qui
1862 3527 2001 3607 docem
2019 3547 2087 3593 noa
2106 3524 2185 3607 ude,

161 3607 282 3696 legero.
326 3611 446 3697 Neque
467 3612 553 3677 euim
574 3609 642 3698 legi
664 3609 910 3692 satisfecimus,
932 3613 995 3677 sed
1016 3613 1052 3677 id
1072 3631 1150 3696 pro·
1198 3613 1261 3677 sed
1282 3610 1459 3678 dilectione
1480 3624 1514 3678 et
1535 3613 1661 3679 meritis
1683 3616 1757 3679 siue
1777 3613 1965 3678 mediatore
1986 3610 2120 3681 cbristo
2140 3610 2187 3679 ad

187 3707 242 3761 ter
273 3694 442 3762 Christum
474 3697 685 3764 condonatur
716 3698 835 3775 nobis,
864 3709 902 3763 vt
933 3694 1060 3763 Paulus
1090 3696 1148 3760 ait.
1198 3695 1308 3762 Deum
1337 3697 1520 3777 accedere,
1551 3698 1620 3765 Sed
1642 3701 1741 3765 etiarn
1770 3709 1807 3762 rt
1835 3717 1898 3783 per
1919 3716 1996 3763 cem
2018 3698 2068 3765 eri

195 3779 268 3853 ulla
293 3802 384 3848 nunc
411 3783 579 3848 damnatio
608 3792 664 3846 est
688 3782 743 3847 bis
771 3783 828 3868 qui
856 3784 891 3849 in
913 3781 1051 3847 Christo
1073 3781 1150 3845 lesu
1198 3800 1264 3847 nos
1286 3783 1321 3846 in
1341 3784 1525 3867 pauoribus
1547 3795 1581 3849 et
1602 3784 1700 3850 tidem
1719 3803 1949 3863 exerceamus,
1971 3781 2065 3851 mant
2080 3795 2186 3850 estun

162 3879 229 3933 etc·
272 3867 366 3933 Haec
387 3865 472 3932 rides
499 3867 608 3932 reddit
627 3865 704 3934 Deo
733 3865 914 3946 bonorem,
944 3868 1054 3933 reddit
1072 3866 1155 3932 Deo.
1199 3879 1253 3934 est
1285 3878 1319 3933 et
1355 3869 1421 3934 boo
1454 3870 1545 3972 quod
1583 3872 1657 3936 sine
1688 3867 1816 3936 auxilio
1848 3868 1975 3934 Christi
2010 3890 2083 3937 nou
2108 3888 2186 3955 pos·

163 3953 256 4039 quod
281 3970 378 4017 soum
406 3962 479 4030 est,
511 3971 573 4037 per
598 3951 684 4031 boo,
716 3954 808 4038 quod
836 3955 950 4020 obedit
976 3953 1149 4040 accipiens
1199 3954 1305 4019 simus
1325 3949 1436 4038 legem
1456 3958 1590 4034 lacere,
1613 3957 1701 4022 sicut
1723 3959 1798 4040 ipse
1820 3955 1939 4040 lnquit.
1959 3954 2046 4025 Sine
2063 3976 2118 4022 me
2138 3955 2186 4021 nl·

162 4038 415 4125 promissiones,
437 4038 532 4104 Sicut
553 4036 723 4104 etPaulus
743 4039 850 4124 iuquit
866 4038 986 4105 Roma.
1003 4039 1061 4125 iiij.
1094 4036 1149 4102 De
1199 4036 1256 4104 bil·
1269 4041 1410 4124 potestis
1431 4037 1557 4122 lacere,
1578 4041 1657 4107 ldeo
1679 4043 1874 4126 priusquam
1895 4039 2008 4127 legem
2029 4037 2184 4121 facimus,

161 4124 386 4209 promissione
414 4120 481 4189 Dei
522 4145 592 4189 uon
633 4125 796 4190 dubitauit
828 4145 890 4209 per
921 4122 1150 4198 diffidentiam,
1200 4137 1333 4209 oportet
1354 4125 1460 4190 corda
1481 4126 1547 4192 lide
1568 4129 1713 4192 renasci.

162 4210 224 4276 sed
243 4209 360 4276 firmus
387 4207 449 4275 fuit
475 4207 543 4275 fide
572 4211 658 4282 dans
683 4207 827 4297 gloriam
848 4209 942 4289 Deo,
965 4210 1015 4274 lta
1037 4207 1150 4276 cultus
1286 4208 1375 4275 llinc
1396 4212 1496 4277 etiam
1514 4210 1656 4299 intelligi
1678 4220 1809 4298 potest,
1831 4230 1943 4297 quare·
1958 4210 2184 4296 reprebenda-
2247 4255 2248 4258 =

164 4305 199 4360 et
232 4299 356 4382 λατρεία
388 4292 564 4381 Euangelij
602 4306 657 4362 est
694 4297 853 4379 accipere
884 4298 977 4361 bona
1006 4314 1029 4360 a
1060 4293 1150 4372 Deo,
1199 4314 1274 4362 mos
1297 4297 1568 4362 aduersariorum
1590 4297 1776 4364 doctrinam
1798 4296 1985 4363 demerito
2015 4297 2184 4385 condigni

162 4378 314 4447 Econtrc
340 4377 451 4447 cultus
479 4378 511 4445 le
536 4381 565 4444 is
595 4393 649 4445 est
676 4382 768 4446 bona
789 4391 907 4447 nostra
928 4379 1005 4445 Deo
1027 4379 1149 4447 offerre
1200 4377 1375 4448 Facillime
1395 4382 1589 4468 dijudicatio
1611 4396 1682 4463 est,
1704 4385 1872 4469 quianon
1893 4378 2024 4450 iaciuut
2044 4385 2183 4450 martio·

163 4477 200 4532 ct
226 4466 396 4535 exhibere.
445 4402 536 4531 Nini
567 4476 676 4532 autem
703 4485 886 4550 possumus
912 4465 989 4532 Deo
1016 4464 1150 4544 offerre,
1200 4485 1276 4532 nem
1296 4465 1394 4545 fidei,
1420 4469 1509 4553 quod
1533 4467 1601 4535 fide
1622 4491 1684 4554 pro
1723 4466 1952 4534 mebriatur
1973 4465 2184 4554 ρΙωοιωιι,

163 4549 236 4617 nisi
251 4563 350 4619 antee
370 4549 592 4630 reconciliati,
619 4563 653 4616 et
674 4553 790 4618 renati.
834 4549 1020 4618 Plurimum
1039 4560 1151 4616 eutem
1200 4553 1265 4618 aed
1285 4551 1417 4640 lingunt
1438 4556 1527 4619 bona
1547 4574 1653 4641 opera
1688 4566 1766 4620 acts
1786 4552 2047 4621 adiuuantelllo
2066 4554 2184 4622 lubitu

166 4634 408 4703 consolationis
431 4636 528 4703 affert
549 4637 604 4703 hic
621 4634 733 4715 locus,
755 4639 845 4723 quod
863 4635 976 4705 cultus
994 4635 1150 4703 inEuau·
1201 4635 1402 4718 dilectionis,
1423 4639 1586 4706 iusticiam
1609 4641 1954 4727 condignamque
1972 4660 2038 4724 per
2054 4660 2099 4708 se
2112 4637 2184 4727 plr-

165 4717 257 4808 gelio
287 4724 488 4808 praecipuos
518 4735 571 4790 est
592 4742 618 4788 a
642 4721 717 4788 Deo
746 4722 838 4788 vello
857 4724 1014 4808 accipere
1034 4721 1151 4786 remis·
1201 4734 1275 4791 oeat
1285 4720 1374 4803 Deo,
1395 4735 1430 4789 et
1440 4727 1573 4813 dignam
1595 4739 1733 4793 aeterna
1755 4727 1835 4804 viu,
1856 4744 1923 4792 nec
1943 4746 2033 4811 opus
2053 4724 2185 4794 baba

165 4806 294 4872 sionem
314 4819 541 4890 peccatorum,
561 4810 714 4895 matiam,
736 4820 771 4875 et
791 4809 967 4875 iusbciem.
1010 4806 1068 4873 De
1081 4807 1168 4872 lroc⁴
1201 4810 1384 4875 mediatore
1395 4809 1541 4877 Christo.
1574 4811 1663 4886 Quid
1675 4809 1806 4879 estboc
1827 4807 1931 4889 uliud,
1953 4832 2054 4897 quam
2073 4824 2183 4881 trem·

166 4889 261 4960 cultu
292 4894 338 4959 ait
370 4890 527 4962 Christus
555 4894 670 4960 lobau.
695 4893 739 4960 ri.
795 4893 889 4960 llaec
919 4905 972 4959 est
994 4890 1151 4960 voluntas
1200 4892 1291 4960 ferre
1312 4893 1453 4982 gloriam
1474 4895 1601 4965 Christi
1621 4900 1656 4963 iu
1684 4917 1788 4984 opera
1813 4908 1950 4977 nostre,
1975 4899 2072 4983 quod
2092 4899 2185 4965 vide·

164 4977 276 5063 patria
290 4978 367 5056 mei,
389 4979 446 5063 qui
466 4980 555 5048 misit
573 5001 638 5060 me,
661 4991 698 5046 vt
719 4981 827 5046 omnis
849 4980 906 5065 qui
927 4981 1020 5046 ridet
1035 4974 1151 5057 filiun,
1199 4976 1279 5046 licet
1301 4992 1438 5066 propter
1458 5003 1563 5069 opera
1583 4994 1708 5050 nostra
1721 4981 1928 5070 placeamus,
1950 5002 2021 5049 noa
2041 4997 2185 5069 propter

165 5074 201 5128 et
221 5064 330 5133 credit
347 5064 382 5129 iu
404 5083 499 5144 ears,
527 5066 652 5133 babeat
676 5067 778 5132 sitam
804 5077 987 5131 aeternam.
1030 5061 1074 5129 Et
1091 5084 1150 5150 pa
1201 5066 1382 5135 Christum.
1430 5069 1489 5134 At
1503 5069 1572 5136 boe
1598 5090 1745 5157 quoque.
1759 5081 1815 5136 est
1840 5066 2023 5136 donabere
2043 5068 2186 5138 cbristo

166 5157 220 5214 ter
238 5150 356 5236 lnquit,
378 5149 444 5217 llic
464 5161 520 5218 est
540 5149 629 5216 filios
649 5172 745 5218 meus
767 5147 910 5218 dilectus
931 5154 1055 5236 inquo
1071 5148 1151 5215 milri
1201 5149 1342 5238 gloriam
1363 5154 1566 5236 mediatoris,
1586 5156 1647 5242 qui
1662 5168 1828 5242 perpetuo
1849 5165 1903 5220 est
1912 5154 2094 5238 mediator,
2113 5174 2186 5225 m

167 5235 402 5320 conplacitum
442 5247 515 5316 ert,
552 5234 652 5303 uno
688 5238 811 5305 audito
871 5235 1070 5321 Maeotii
1107 5236 1152 5301 de
1200 5248 1328 5305 uotum
1352 5238 1393 5304 io
1413 5241 1584 5327 prirrolpio,
1601 5241 1866 5319 iustificationis,
1898 5238 1943 5306 Et
1967 5238 2100 5312 hum
2124 5243 2178 5311 rh
