4694 6038
168 378 233 446 431
618 375 728 442 PlllL.
750 375 854 443 MEL.
879 376 1068 448 sctum
1089 374 1360 444 poematica
1380 374 1437 440 ΕΤ
1458 373 1730 444 simeones.
2119 377 2187 447 Μ

170 564 255 646 stirs,
276 578 312 631 vt
334 565 482 630 traderet
503 562 598 652 leges
620 565 795 651 quasdam,
817 585 879 650 per
901 586 985 652 quas
1008 585 1149 631 merere·
1173 567 1177 650 1
1200 584 1304 646 opera
1325 574 1489 648 quaerunt
1509 576 1543 628 et
1565 561 1746 641 cumulant,
1770 576 1805 629 vt
1830 566 2058 651 acquiescant.
2110 565 2187 634 Hae

169 674 242 719 mur
281 652 509 716 remissionem
548 663 777 734 peccatorum,
812 672 880 716 non
918 653 1147 735 acciperemus
1172 651 1177 811 1
1199 669 1368 734 nunquam
1389 651 1543 714 senciunt
1564 650 1662 714 sede
1685 650 1854 737 condigno
1877 653 2009 731 mereri,
2028 663 2062 717 et
2084 664 2185 719 ruunt

193 740 276 804 ratis
305 748 443 822 propter
469 738 572 821 ipsius
599 738 725 802 merita.
772 738 886 822 ltaque
913 739 943 801 si
970 738 1148 822 recipimus
1199 736 1232 799 in
1259 734 1321 799 des
1345 737 1544 812 erationem,
1577 737 1642 800 nisi
1670 737 1806 801 audiant
1834 747 1968 822 praeter
1995 739 2183 805 doctrinam

167 761 224 888 hic
244 825 514 889 aduersariorum
536 822 732 902 doctrinam,
751 824 840 907 quod
863 843 1048 887 mereamur
1070 842 1148 906 ope·
1172 818 1176 865 t
1198 818 1298 905 legis,
1320 756 1537 906 &euangelium
1561 821 1602 886 de
1624 823 1769 907 gratuita
1797 825 1996 890 remissione
2026 837 2184 909 peccato·

168 911 261 976 ribus
283 910 422 974 rationis
444 908 673 972 remissionem
696 919 911 990 peccatorum
939 920 973 973 et
993 907 1149 973 iustifica·
1172 874 1176 978 l
1199 927 1283 984 rum,
1305 919 1339 970 et
1360 907 1484 971 iustitia
1507 906 1594 973 fidei.

168 998 302 1074 tionem,
323 991 403 1060 nihil
429 995 493 1058 iam
521 994 672 1058 intererit
697 995 783 1058 inter
811 994 978 1058 iusticiam
1004 990 1149 1078 pbiloso·
1172 984 1176 1030 ¹
1285 992 1334 1055 lta
1355 989 1435 1055 nihil
1461 993 1585 1059 docent
1609 994 1815 1075 aduersarij,
1843 995 1906 1058 nisi
1931 995 2097 1062 iusticiam
2130 1015 2184 1060 ra·

168 1083 312 1167 phicam,
334 1091 391 1145 aut
414 1092 504 1144 carte
526 1079 766 1158 Pharisaicam,
789 1090 821 1144 et
844 1077 1076 1145 Christianam.
1172 1045 1176 1106 Ι
1199 1076 1310 1155 tionis,
1333 1089 1391 1142 aut
1413 1091 1505 1144 certe
1525 1074 1611 1163 legis
1634 1080 1667 1142 in
1690 1099 1789 1163 quarn
1811 1081 2000 1159 intuentur,
2022 1082 2113 1146 sicut
2134 1078 2182 1147 lu·

255 1166 450 1249 Quanquam
472 1165 656 1245 aduersarij
669 1163 1038 1230 neChristumomnino
1055 1183 1149 1249 prae·
1199 1162 1274 1228 daei
1296 1163 1329 1226 iu
1350 1160 1492 1228 velatam
1512 1161 1613 1229 llloisi
1634 1160 1773 1243 faciem,
1801 1177 1835 1231 et
1862 1167 1896 1230 in
1925 1167 2055 1232 securis
2078 1166 2182 1252 hypo

169 1263 309 1331 teneant,
330 1252 503 1337 requirunt
524 1251 680 1316 noticiam
701 1249 861 1315 historiae
883 1252 925 1315 de
947 1250 1095 1328 Christo,
1115 1263 1148 1314 et
1200 1249 1304 1327 critis,
1326 1249 1381 1332 qui
1400 1259 1520 1337 putant
1542 1247 1672 1335 selegi
1695 1247 1904 1332 satisfacere,
1927 1254 2075 1318 excitant
2085 1271 2182 1338 prae·

168 1340 316 1405 tribuunt
338 1337 380 1416 ei,
403 1338 493 1420 quod
517 1337 672 1401 meruerit
691 1338 789 1402 nohis
812 1336 884 1401 dari
902 1337 1067 1422 quendam
1088 1334 1147 1400 ha·
1199 1334 1420 1418 sumptionem
1448 1345 1482 1400 et
1507 1335 1638 1401 inanem
1667 1334 1822 1402 fiduciam
1849 1356 2002 1422 operum,
2037 1348 2071 1403 et
2104 1357 2184 1405 cou-

168 1425 283 1502 bitum,
305 1424 378 1486 siue
399 1434 436 1487 vt
456 1423 521 1507 ipsi
543 1432 678 1498 vocant,
723 1422 838 1487 rimam
860 1423 1020 1506 gratiam,
1049 1441 1149 1506 quam
1198 1430 1358 1504 temptam
1369 1421 1495 1500 gratiae
1517 1418 1650 1485 Christi.
1685 1420 1834 1488 Econtra
1850 1424 1991 1507 pauidas
2009 1425 2182 1490 conscien-

167 1506 356 1595 intelliguut
375 1505 524 1574 habitum
546 1527 625 1572 esse
640 1443 866 1585 incllnantem,
885 1521 920 1572 vt
930 1505 1064 1572 facilius
1077 1503 1148 1571 dili·
1199 1505 1263 1570 tias
1284 1504 1423 1591 adigunt
1442 1507 1485 1571 ad
1508 1507 1786 1591 desperationem,
1803 1520 2086 1594 quaaoperantes
2106 1529 2184 1576 mam

168 1615 287 1683 gamus
304 1593 421 1659 Deum.
450 1591 615 1680 Exiguum
626 1592 999 1678 tameuesaqucdbuic
1020 1591 1148 1657 habitui
1198 1590 1416 1669 dubitatione,
1438 1612 1607 1677 nunquam
1627 1606 1774 1677 possunt
1784 1595 1927 1679 experiri
1937 1596 2017 1680 quid
2028 1595 2073 1660 sit
2084 1594 2181 1670 fides,

168 1683 329 1758 tribuunt,
352 1680 429 1763 quia
451 1677 583 1766 fingunt
610 1690 709 1745 ectus
738 1677 918 1745 voluntatis
945 1690 1025 1744 ante
1054 1677 1147 1742 habi·
1198 1689 1352 1760 atquem
1379 1677 1423 1741 sit
1449 1674 1588 1757 efficax,
1617 1679 1663 1743 ita
1686 1679 1730 1744 ad
1758 1690 1940 1746 extremum
1967 1681 2103 1767 penitus
2126 1681 2183 1747 de-

167 1778 238 1833 tum
259 1763 368 1844 illum,
391 1775 525 1849 etpost
552 1763 644 1830 illum
673 1762 818 1831 habitum
847 1765 996 1829 eiusdem
1023 1762 1149 1847 speclei
1198 1775 1347 1846 sperant.

168 1872 258 1930 esse,
279 1851 339 1914 Flu
365 1862 423 1916 unt
443 1847 647 1917 voluntatem
670 1871 772 1935 posse
791 1849 928 1936 diligere
944 1849 1065 1927 Deum,
1086 1849 1148 1916 sed
1284 1847 1356 1913 Nos
1385 1859 1495 1913 autem
1523 1849 1566 1913 de
1594 1849 1725 1915 iusticia
1750 1852 1888 1917 rationis
1922 1851 1973 1918 sic
2008 1852 2182 1928 sentimus,

112 1987 118 2007 .
168 1936 303 2003 babitus
324 1872 383 2002 ille
404 1952 513 2000 tamen
536 1935 716 2016 extimulat,
740 1949 777 2003 vt
797 1937 885 2001 idem
916 1933 1020 2001 faciat
1034 1938 1086 2013 22)
1110 1933 1149 2001 li·
1199 1933 1289 2018 quod
1305 1932 1401 2000 Deus
1423 1935 1569 2019 requirat
1591 1956 1683 2015 eam,
1705 1948 1740 2001 et
1761 1936 1851 2023 quod
1880 1950 2019 2023 propter
2047 1938 2182 2005 mauda-

168 2025 309 2088 bentius.
355 2021 396 2085 Et
423 2020 536 2087 iubent
564 2025 684 2089 mereri
714 2023 803 2088 bunc
831 2020 979 2087 habitum
1008 2022 1148 2106 primum
1198 2031 1267 2085 turn
1299 2015 1365 2083 Dei
1399 2021 1592 2086 necessario
1625 2022 1691 2085 siut
1720 2018 1874 2087 facienda
1905 2022 2050 2088 honesta
2078 2042 2184 2108 opera

166 2129 228 2194 per
249 2108 481 2194 praecedentia
499 2111 628 2187 urerita,
652 2111 770 2174 deiude
791 2109 906 2174 iubent
928 2109 1047 2173 merari
1070 2127 1149 2191 opa-
1198 2125 1285 2190 qaae
1307 2103 1493 2191 decalogus
1516 2107 1688 2191 praecipit,
1710 2107 1800 2173 iuxta
1822 2105 1918 2187 illud,
1935 2107 2007 2174 Lex
2027 2118 2083 2174 est
2104 2129 2184 2194 pae-

167 2196 259 2260 ribus
293 2193 379 2279 legis
411 2195 649 2260 incrementum
678 2193 767 2259 illius
799 2192 951 2266 habitus,
980 2205 1014 2258 et
1047 2195 1148 2257 vitam
1199 2193 1364 2276 dagogua.
1408 2190 1490 2257 ltem
1507 2190 1563 2257 lex
1590 2205 1643 2257 est
1671 2195 1801 2258 iniustis
1851 2196 1949 2260 osite.
1993 2190 2076 2263 ,Vult
2097 2195 2184 2262 cutm

166 2291 347 2347 aeternam.
381 2279 430 2344 lta
451 2277 616 2363 sepeliunt
638 2276 819 2358 Christum,
838 2299 881 2344 ne
903 2298 943 2343 eo
966 2278 1148 2344 mediatore
1198 2274 1293 2342 Deus
1315 2275 1489 2343 coherceri
1512 2274 1667 2343 &rooles
1688 2276 1747 2344 illa
1770 2214 1859 2344 ciuili
1876 2277 2068 2365 disciplina,
2083 2277 2128 2345 Et
2137 2281 2185 2348 ad

167 2377 302 2432 vtantur
322 2364 488 2442 homines,
509 2378 542 2429 et
560 2378 696 2451 propter
718 2367 824 2451 ipsum
843 2367 997 2431 sauciant
1014 2385 1053 2429 se
1075 2383 1148 2449 gra·
1161 2342 1176 2441 ,Ι
1197 2362 1287 2427 banc
1309 2364 1574 2429 conseruandam
1597 2364 1688 2431 dedit
1708 2363 1819 2451 leges,
1842 2363 1974 2448 literas,
1997 2367 2185 2434 docuinam

167 2451 390 2534 tis-accipere
412 2451 642 2518 remissionem
662 2461 879 2537 peccatorum
898 2463 932 2516 et
953 2425 1182 2518 reconoiltafl
1199 2448 1496 2534 magistratus,'²⁴)
1517 2469 1657 2535 poenas.
1702 2449 1746 2516 Iit
1772 2462 1885 2535 potest
1899 2455 1953 2525 Ν)
1976 2452 2066 2518 hanc
2093 2453 2197 2520 iusti·¹

166 2539 306 2608 tionem,
334 2537 396 2601 sed
422 2536 587 2601 somnient
610 2557 650 2602 se
678 2538 815 2621 propria
840 2534 1039 2623 impleaione
1060 2535 1149 2687 legis
1199 2537 1285 2602 ciam
1317 2547 1486 2620 utcunque
1512 2538 1598 2630 ratio
1631 2536 1702 2601 suis
1736 2537 1864 2603 viribus
1891 2533 2050 2619 efficere,
2079 2559 2184 2626 quaa·

166 2623 287 2688 mereri
305 2624 533 2688 remissionem
555 2635 789 2706 peccatorum,
810 2635 845 2688 et
872 2624 1007 2708 propria
1033 2624 1100 2707 imp
1199 2641 1299 2708 quam
1320 2640 1424 2705 saepe
1450 2621 1594 2689 vincitur
1619 2620 1848 2690 imbecillitate
1863 2627 1917 2700 ²⁰)
1952 2624 2119 2705 naturali,
2149 2634 2186 2692 et

166 2710 258 2774 tione
279 2705 364 2794 legis
387 2728 499 2772 coram
522 2707 598 2775 Deo
620 2711 729 2776 iustos
751 2710 916 2794 reputari,
939 2730 1014 2774 cum
1036 2722 1148 2774 tamen
1198 2705 1389 2793 impellente
1425 2704 1561 2774 diaholo
1594 2709 1638 2773 ad
1671 2705 1897 2775 manifestall
1955 2711 2018 2776 cia.
2072 2711 2185 2787 Quan-

165 2791 234 2881 legi
255 2813 423 2880 nunquam
445 2793 604 2875 satisfiat,
626 2816 701 2860 cum
729 2797 814 2862 ratio
836 2792 919 2860 nihil
938 2793 1054 2867 faciat,
1083 2794 1149 2860 nisi
1171 2823 1177 2982 Ι
1199 2814 1299 2878 quam
1321 2805 1431 2860 eutem
1452 2795 1531 2861 huic
1552 2794 1707 2860 iusticias
1732 2798 1872 2861 rationis
1898 2710 2043 2864 llh'ema
2071 2799 2186 2866 tribul·

166 2880 329 2967 quaedam
351 2876 461 2945 ciuilia
483 2900 597 2965 opera,
619 2882 752 2948 Interim
769 2901 878 2968 nequa
898 2881 1012 2947 timeat
1028 2879 1149 2962 Dedin,
1199 2899 1273 2947 mus
1291 2899 1373 2946 suas
1391 2878 1520 2961 laudes,
1541 2877 1676 2952 Nullum
1695 2882 1782 2948 enlm
1802 2884 2057 2989 maiusobonurn
2079 2883 2186 2954 hehet

113 3070 115 3080 κ
165 2985 275 3203 gite?
288 2966 1149 3140 leitil:titlei‘mtttdieltt
1199 2963 1700 3142 ltttsllizttlll'lei‘
1718 2968 2185 3124 titilililtttlte

190 3139 261 3216 dci,
294 3157 404 3223 neque
436 3140 582 3203 existere
613 3138 746 3207 dilectio
779 3139 845 3207 Dei
877 3141 912 3205 in
948 3139 1149 3222 horninibus,
1199 3157 1277 3205 esse
1298 3139 1441 3205 iusticia.
1483 3139 1538 3206 Ac
1563 3138 1659 3206 Deus
1687 3141 1786 3206 etiam
1813 3152 1910 3207 ornet
1923 3142 1975 3218 ²⁷)
2001 3160 2077 3208 cern
2105 3162 2187 3210 cor·

165 3243 276 3310 neque
298 3224 377 3310 quid
399 3225 443 3289 sit
465 3221 600 3291 dilectio
622 3223 706 3306 Dei,
728 3225 870 3314 intelligi
891 3237 1013 3312 potest.
1171 3221 1373 3344 'penalibus
1395 3228 1571 3309 praemijs,
1597 3237 1710 3293 mareu
1736 3247 1805 3294 uon
1832 3229 1933 3295 dabat
1962 3247 2041 3300 eum
2068 3238 2187 3296 coutu-

253 3310 297 3374 Et
317 3310 406 3395 quod
428 3309 558 3397 fingunt
580 3312 757 3379 discrimen
786 3316 873 3379 inter
894 3312 1047 3379 meritum
1069 3333 1148 3381 con·
1198 3307 1297 3377 melin
1321 3309 1447 3376 Christi
1467 3310 1610 3380 laudari.

164 3395 254 3546 grui,
275 3406 308 3460 et
329 3397 482 3461 meritum
501 3399 678 3485 condigni,
706 3396 825 3465 ludunt
853 3410 998 3478 tantam,
1028 3419 1071 3466 ue
1100 3400 1148 3466 vl·
1286 3395 1424 3464 Falsum
1446 3409 1501 3464 est
1521 3399 1625 3478 anim,
1655 3401 1746 3484 quod
1767 3421 1828 3486 per
1849 3420 1954 3487 opera
1975 3409 2097 3468 nosue
2117 3419 2186 3469 ιω·

189 3490 308 3548 cantu
328 3491 443 3567 aperte
463 3487 690 3565 πελαγιανίζειν,
723 3485 811 3551 Nam
833 3484 969 3551 siDeus
991 3505 1148 3553 necessa·
1197 3503 1332 3551 reamur
1352 3484 1583 3551 remissionem
1603 3495 1832 3571 peccatorum.
1933 3504 1937 3511 ·
2152 3506 2155 3511 ·
2209 3496 2230 3514 ’

164 3567 216 3633 rlc
235 3567 292 3632 dat
311 3566 452 3653 gratiam
480 3589 542 3674 pro
572 3572 690 3637 merito
717 3571 876 3657 congrui,
902 3573 969 3637 iam
998 3592 1066 3637 non
1095 3582 1148 3638 est
1284 3566 1420 3636 Falsum
1440 3581 1495 3636 est
1521 3569 1664 3650 etheo,
1692 3573 1784 3656 quod
1809 3572 1964 3639 homines
1986 3582 2188 3659 reputentur

164 3653 315 3719 meritum
349 3673 506 3739 congrui,
539 3656 602 3720 sed
634 3658 785 3722 meritum
815 3657 983 3743 condigni.
1034 3656 1148 3731 Quau·
1199 3675 1279 3723 esse
1298 3657 1377 3721 iusti
1400 3675 1514 3721 coram
1535 3655 1623 3736 Deo,
1644 3669 1780 3743 propter
1800 3659 1965 3725 iusticiam
1986 3650 2142 3726 rancia.

162 3757 264 3889 ariam
287 3740 365 3823 quid
387 3741 512 3823 dicant,
531 3760 600 3805 non
623 3742 747 3807 vident.
780 3743 865 3808 Post
885 3742 1033 3808 habitum
1054 3740 1148 3808 illam
1285 3739 1422 3806 Falsum
1443 3753 1496 3806 cst
1517 3752 1552 3807 et
1567 3741 1645 3823 hoc,
1666 3743 1757 3827 quod
1777 3745 1862 3809 ratio
1884 3746 2032 3831 propriis
2055 3746 2186 3813 virlhn

212 3825 353 3891 actionis
371 3825 501 3910 fingunt
511 3822 677 3891 hominem
694 3829 736 3893 de
748 3829 917 3914 condigno
934 3829 1065 3894 mereri.
1080 3832 1147 3908 ²²⁸)
1242 3828 1306 3894 ssit
1340 3826 1451 3894 Deum
1484 3847 1586 3913 supra
1610 3829 1722 3895 omnia
1749 3827 1905 3917 diligere,
1919 3830 1965 3896 ‘et
1984 3827 2100 3918 legem
2118 3828 2187 3900 Μ

164 3907 208 3974 Et
226 3920 335 3975 tamen
352 3912 466 3976 iubent
483 3911 652 3992 dubitare,
674 3924 784 3980 vtrnm
803 3916 895 3981 adsit
917 3915 1062 3995 babitus,
1077 3917 1146 3993 ω)
1197 3846 1321 3991 hocere,
1342 3910 1512 3993 videlicet,
1529 3932 1611 3980 vere
1627 3915 1744 3981 timere
1765 3913 1894 3995 Deum,
1915 3935 1997 3983 vere
2020 3930 2187 3999 eumue,

164 3993 342 4068 Quomodo
362 3997 464 4085 igitur
491 3998 618 4077 sciunt,
646 4011 756 4065 vtrum
779 4000 822 4065 de
852 4020 1002 4088 congruo
1029 4021 1072 4067 an
1103 4000 1147 4067 de
1197 4001 1288 4086 qood
1309 3998 1402 4064 Deua
1425 3999 1597 4078 exaudiat,
1620 3997 1709 4066 velle
1739 4002 1875 4067 obedire
1899 4000 1976 4068 Deo
2002 4003 2040 4067 iu
2062 4014 2186 4084 morte,

165 4081 334 4168 condigno
361 4093 563 4150 mereantur.
606 4083 673 4152 Sed
703 4097 775 4151 tote
803 4084 888 4153 haec
915 4106 971 4152 res
1001 4085 1146 4153 cculicte
1196 4097 1232 4151 et
1270 4082 1347 4167 alijs
1386 4084 1650 4151 ordinationibus
1689 4083 1764 4153 Dei.
1818 4085 1895 4153 Non
1935 4090 2184 4175 concupiscere

162 4177 218 4232 est
239 4169 282 4234 ah
305 4169 430 4235 ociosis
451 4168 659 4250 hominibus,
682 4173 737 4257 qui
759 4192 827 4237 nou
848 4184 987 4250 norant,
1008 4191 1146 4258 quomo·
1178 4169 1306 4261 ‘aliena
1325 4182 1390 4237 eto.
1413 4171 1477 4236 atsi
1499 4169 1609 4238 ciuilia
1630 4192 1733 4256 opera
1745 4170 1882 4239 efficere
1892 4174 1978 4239 ratio
1988 4185 2116 4260 potest.
2130 4175 2183 4254 ²⁸)

164 4253 209 4318 do
232 4255 405 4340 contingat
425 4256 578 4321 remissio
600 4269 832 4340 peccatorum,
860 4268 895 4321 et
916 4259 1083 4406 goomodo
1112 4258 1146 4322 in
1282 4252 1419 4322 Falsum
1440 4268 1494 4321 est
1514 4267 1549 4323 et
1568 4256 1636 4322 hoo
1655 4269 1689 4322 et
1717 4257 1995 4325 contumeliosum
2022 4261 2058 4325 lu
2086 4257 2183 4328 Chri·

163 4337 286 4404 iudicio
306 4339 383 4419 Dei,
404 4351 438 4405 et
461 4342 647 4407 terroribus
670 4342 908 4423 conscientiae,
947 4343 1045 4408 dacia
1067 4362 1147 4428 ope·
1195 4352 1302 4420 stum,
1353 4342 1420 4407 uod
1448 4361 1516 4406 non
1544 4355 1687 4428 peccent
1713 4343 1865 4411 homiues
1892 4342 2057 4412 ledentes
2086 4365 2183 4433 prae

163 4443 239 4488 rum
260 4427 359 4490 nobis
381 4429 580 4493 excutiatur.
624 4425 742 4492 Securi
755 4431 809 4509 ²³)
838 4425 1036 4514 hypocritae
1060 4448 1146 4494 sern-
1196 4438 1295 4513 cepta
1358 4429 1390 4492 ei
1421 4426 1496 4494 sine
1528 4430 1647 4513 gratia.
1690 4427 1797 4496 liuius
1818 4443 1957 4497 nostrin
1983 4432 2184 4501 sentenciae

209 4511 394 4576 riudicant
415 4532 454 4577 se
477 4512 519 4578 de
542 4512 710 4599 condigno
733 4515 866 4594 mereri,
887 4514 961 4581 siue
977 4515 1066 4581 adsit
1087 4513 1145 4580 ha·
1195 4512 1383 4578 testimonia
1404 4510 1584 4586 hahemus,
1611 4533 1681 4580 non
1708 4512 1818 4582 solurn
1849 4537 1893 4583 cx
1920 4517 2116 4602 scripturis,
2129 4521 2184 4597 ιθ)

86 4613 91 4620 ·
189 4594 255 4659 itus
276 4593 351 4675 ille,
376 4599 450 4663 siue
477 4616 546 4663 non
572 4597 678 4675 adsit,
711 4597 788 4684 quia
818 4597 1015 4666 naturaliter
1041 4598 1155 4667 conti·v
1195 4598 1375 4665 sedetiam
1397 4617 1440 4664 ax
1461 4597 1628 4667 Patribus.
1671 4599 1756 4668 Nam
1779 4603 1991 4691 Augustinus
2019 4604 2185 4690 copim

163 4679 249 4744 dunt
269 4680 422 4747 homines
467 4685 579 4768 ropria
600 4683 815 4754 iusticia.eed
833 4685 1145 4771 conscientiaeper·
1720 4720 1722 4722 ·

165 4763 365 4833 terroffactae
385 4704 557 4857 ambigunt
580 4781 616 4836 et
645 4769 814 4850 dubitant,
843 4781 878 4837 et
895 4772 1046 4838 subinde
1078 4767 1145 4837 alie

1196 4874 1243 4940 24)
1263 4874 1410 4924 doctr-inm
1425 4875 1612 4941 magistram]
1630 4876 1680 4928 lid.
1698 4876 1738 4927 ibe
1757 4878 1915 4942 doctrima
1932 4876 2119 4944 Merme,

1196 4959 1243 5025 ab)
1262 4958 1359 5025 potest}
1377 4961 1429 5012 ild.
1448 4962 1474 5013 8.
1491 4969 1542 5031 typ.
1559 4977 1625 5016 eme
1641 4969 1702 5026 poet

164 5037 214 5104 ἥ)
230 5037 321 5104 acret}
338 5038 388 5093 Ed.
406 5042 432 5095 4.
449 5050 502 5113 typ.
520 5060 587 5098 emt
604 5043 669 5098 feeit
888 5049 890 5052 “
1197 5045 1244 5110 96)
1263 5045 1454 5113 imbecillitate]
1472 5049 1522 5100 lid.
1540 5047 1581 5098 h:
1600 5048 1775 5099 imbecillitati

164 5123 230 5190 22⁸)
248 5124 363 5192 mereri]
380 5128 429 5180 Ed
448 5128 486 5179 h:
505 5131 609 5193 mereri,
1196 5130 1244 5197 97)
1264 5129 1353 5197 ornet]
1371 5134 1503 5183 aeliditt.
1523 5136 1613 5197 1-³.;
1631 5133 1680 5184 ild.
1697 5135 1739 5186 4.:
1756 5140 1833 5186 cruet

160 5208 230 5273 aab)
248 5209 372 5278 habitum]
388 5213 437 5264 Ed.
456 5216 496 5267 θα
513 5216 629 5267 habibat.
707 5258 713 5275 Ι
1197 5216 1245 5283 98)
1263 5217 1370 5283 potest-l
1389 5219 1427 5269 tic
1443 5220 1526 5270 Edita
1547 5222 1570 5269 l.
1591 5222 1614 5271 2.
1632 5221 1673 5283 4.;
1690 5218 1740 5272 Ed.
1759 5221 1800 5271 3.e
1818 5235 1873 5270 nou
1890 5227 1985 5286 peleti.

160 5293 213 5359 33)
230 5292 332 5362 decan]
349 5298 387 5350 ric
403 5299 485 5352 llditt.
506 5300 597 5364 1-8.;
614 5300 665 5354 lld.
683 5300 724 5351 br
746 5298 830 5353 Sicuti
1140 5292 1144 5299 ’
1197 5302 1245 5369 29)
1264 5317 1299 5355 ex
1315 5302 1470 5371 scriptoria]
1488 5305 1526 5356 aio
1542 5304 1626 5357 Bdltt.
1646 5305 1737 5370 l-³.;
1754 5305 1806 5357 ltu.
1825 5308 1865 5359 t:
1883 5308 1911 5358 iu
1928 5305 2075 5374 walptude,

171 4939 373 4958 *Ἀ
