4694 6038
157 358 224 427 ssu
501 358 543 427 u.
584 354 820 427 incussis
845 351 1166 427 contusionis
1187 348 1508 429 susnsusnsn
1550 351 1592 419 s.
1635 350 1827 423 munus
2109 300 2178 427 eso
2270 410 2276 419 .

160 564 220 601 rum
242 548 369 601 nouom
391 548 458 601 bseo
480 558 586 614 qnoque
608 552 715 611 oportet
735 542 912 597 christianum
933 551 1047 597 mentem
1068 560 1143 612 prse-
1192 544 1227 599 sd
1243 544 1434 597 llonscborum
1451 546 1669 613 supersticionu,
1685 558 1753 613 quse
1769 546 1876 597 innunt
1890 544 2023 609 indultas,
2046 558 2174 615 qusutum

159 620 286 673 munitum
304 632 371 681 esse,
388 632 423 669 ne
440 624 548 683 propter
565 628 598 667 es
613 614 722 665 uerbum
738 612 791 666 Del
807 613 922 681 sbijcist.
1191 616 1229 667 ibi
1246 622 1287 665 est
1306 616 1512 682 perniciosorum
1535 614 1727 667 offensionum?
1749 616 1833 681 qusiis
1856 615 1907 668 init
1929 616 2071 681 sppiiostio
2095 620 2173 671 msti-

228 686 384 753 Quunqusut
401 693 488 738 sutem
503 699 559 737 uon
576 684 690 735 delectet
705 697 754 734 nes
775 683 951 748 comperstio,
972 690 1059 735 temen
1080 684 1143 749 quis
1192 690 1293 747 torum,
1315 686 1341 735 si
1357 685 1479 737 cedencri
1495 686 1700 737 circumdaretur
1723 684 1857 735 cucullus?
1880 692 1929 736 eto.
1966 684 2051 737 Porro
2071 686 2175 741 nutius

159 755 305 823 sduerssrij
323 756 374 807 buo
391 756 572 808 criminatione
588 757 765 819 praegressus
782 766 844 814 nos,
866 766 921 803 uon
943 760 1006 803 sunt
1023 753 1142 804 dissimu-
1190 752 1312 803 scenduii
1328 760 1376 817 est,
1394 754 1465 820 quod
1481 752 1534 805 boo
1550 762 1668 821 tempore
1688 752 1853 805 msniioetsru
1875 754 2012 805 ueritstem
2033 754 2172 825 liusngeiij

159 828 238 877 lendu
255 826 371 892 ipsorum
388 825 468 876 uicis.
505 823 637 886 Quuntum
653 822 769 873 muliest
785 821 854 887 spud
872 821 1038 873 sduerserios
1055 822 1083 873 iu
1100 836 1141 873 se·
1192 823 1340 888 opprimere
1358 824 1505 873 comturt
1521 824 1593 887 quod
1615 822 1755 873 crudeliter
1777 824 1903 874 occidunt
1924 822 2009 873 bonos
2032 826 2105 877 uiros
2127 829 2175 893 pie

159 892 477 961 crilegspropbsnstioue
488 891 647 943 ldissunnrl
665 898 789 956 qusntnm
800 892 967 956 turpitudinis
984 892 1064 942 babet
1080 904 1141 941 oos-
1191 890 1326 954 docenter,
1343 892 1416 956 quoti
1433 890 1573 958 probibent
1588 906 1622 942 ne
1637 891 1716 941 rebus
1733 893 1846 957 coguitis
1863 898 1987 943 mentm
2008 893 2172 961 embipsntss

158 964 254 1015 libutus
280 963 390 1013 eornm?
430 960 522 1012 Cultus
544 967 694 1012 tunctorum
714 960 807 1024 plenus
830 959 900 1025 upnd
928 974 974 1011 eos
998 966 1038 1010 est
1059 960 1141 1010 muni·
1191 960 1376 1023 eonscientiae,
1392 960 1463 1025 qnod
1480 959 1567 1025 Reges
1584 961 1721 1011 hortentur
1738 962 1774 1011 sd
1792 962 1898 1012 crudele
1909 960 2086 1015 lstrociuium.
2113 964 2173 1019 Sci-

158 1033 225 1083 iestu
240 1032 405 1083 Idoloistris.
440 1030 513 1081 Nibii
529 1044 564 1080 ne
580 1028 697 1080 scendsli
715 1036 755 1078 est
770 1028 797 1077 in
815 1028 960 1081 embitione
976 1028 1140 1092 Pontificum,
1190 1028 1253 1079 boet
1269 1028 1336 1079 bsec
1352 1042 1407 1079 uon
1424 1036 1485 1081 suut
1497 1030 1624 1081 scenduis
1639 1030 1796 1094 indicendo,
1817 1030 1865 1080 sed
1881 1042 1955 1081 mers
1970 1024 2173 1101 scropdoipsess

158 1104 203 1167 qui
226 1102 279 1152 ium
302 1101 378 1151 unnis
408 1100 518 1164 emplius
540 1098 737 1163 qusdringentis
754 1096 942 1161 belligerantur
964 1112 1023 1149 cum
1043 1100 1140 1149 nostris
1191 1096 1340 1150 Pontiflcls.
1375 1096 1468 1163 Neque
1484 1111 1550 1149 uero
1566 1100 1633 1149 libet
1648 1098 1724 1149 nobis
1742 1098 1787 1149 hio
1809 1098 1950 1165 quidquem
1971 1112 2021 1165 pro
2044 1104 2173 1167 megnitu·

157 1170 378 1234 Imperetoribus,
406 1168 571 1233 Pisernuqne
597 1168 624 1217 in
647 1166 742 1228 ltslis,
767 1167 899 1217 interdum
926 1168 1003 1217 etium
1031 1169 1059 1217 in
1084 1169 1142 1233 ipss
1192 1168 1254 1217 dine
1269 1180 1358 1217 rerum
1375 1180 1552 1233 exaggerare,
1569 1180 1605 1217 us
1622 1168 1679 1233 quis
1697 1168 1822 1219 delectori
1843 1182 1892 1218 nos
1909 1168 1963 1217 istu
1984 1182 2172 1224 commemore-

159 1238 311 1301 Germunis,
328 1238 372 1288 nbi
389 1238 461 1287 inter
477 1250 505 1286 se
521 1236 605 1287 tilium
623 1243 651 1286 et
666 1234 780 1298 Patrem,
797 1242 926 1300 cognstos
943 1250 975 1287 sc
989 1238 1141 1287 ciuescom-
1191 1238 1263 1287 tione
1278 1242 1361 1301 putet,
1380 1250 1456 1300 quem
1474 1244 1640 1287 extorserunt
1657 1236 1734 1287 uobis
1751 1236 1841 1289 inultis
1858 1238 2000 1301 scriptores
2013 1238 2173 1291 coniutsoio·

158 1311 293 1357 miserunt.
329 1305 409 1368 Quod
426 1308 449 1355 si
465 1305 597 1357 beliorum
620 1306 728 1357 istorum
746 1318 840 1355 censue
857 1306 1022 1370 requiruntur
1045 1320 1079 1355 ex
1101 1305 1141 1357 hi·
1191 1306 1241 1354 nis.
1267 1304 1337 1356 Num
1354 1304 1419 1354 besc
1437 1318 1518 1357 censs
1533 1320 1587 1357 nou
1605 1319 1640 1356 ex
1657 1304 1790 1355 bominum
1802 1307 1929 1369 moribus,
1945 1313 1992 1357 sut
2008 1320 2043 1357 ex
2058 1308 2173 1371 fortune,

158 1378 259 1442 storijs‚
277 1374 346 1426 nibil
363 1374 512 1425 inuenietur
529 1374 636 1439 dignum
652 1372 837 1437 Pontificibus,
856 1374 970 1425 dicemus
993 1374 1062 1424 enim
1085 1388 1141 1424 mo·
1191 1374 1238 1424 sed
1260 1386 1294 1422 ex
1314 1374 1396 1423 uerbo
1418 1373 1471 1425 Dei
1493 1374 1606 1426 indicari
1629 1374 1721 1435 debet,
1749 1376 1821 1441 quod
1842 1376 1943 1425 utinem
1966 1374 2122 1427 adhiberent
2145 1380 2175 1429 lu

161 1446 333 1495 dersn'ssime.
368 1442 501 1505 Quantum
519 1452 559 1492 est
575 1443 650 1505 msll,
674 1444 746 1505 quod
768 1446 796 1494 in
820 1442 975 1493 ordiusudie
998 1444 1142 1494 secerdoti-
1192 1442 1330 1493 consilium
1348 1457 1454 1506 omnes,
1477 1446 1521 1508 qui
1541 1445 1573 1493 de
1591 1444 1631 1495 bis
1649 1445 1834 1511 controuersijs
1857 1445 2042 1511 pronuncient.
2077 1444 2175 1498 Iterum

160 1515 208 1563 bus
225 1528 279 1563 non
297 1512 416 1577 deligunt
432 1511 561 1563 idoneos?
578 1512 641 1578 quid
657 1514 686 1563 iu
703 1520 819 1563 mercstu
827 1514 1051 1564 sacerdotiorum?
1076 1512 1142 1562 item
1192 1510 1339 1562 sutembic
1357 1512 1561 1575 dicendumst,
1579 1512 1816 1577 quodsuepeism
1834 1513 1956 1564 diximus.
1983 1512 2041 1563 Nos
2057 1516 2173 1567 menime

158 1584 187 1632 in
203 1582 356 1646 periculosis
375 1582 613 1647 dispensetionibus
639 1580 740 1633 nihilne
761 1590 804 1630 est·
824 1580 904 1648 uiciji
943 1580 998 1633 Sed
1019 1580 1086 1631 baec
1102 1582 1141 1631 ni·
1193 1579 1280 1647 cupidi
1297 1594 1384 1630 sumus
1400 1580 1521 1647 publicos
1538 1582 1704 1643 concordiens,
1720 1582 1854 1646 precisque,
1870 1596 1947 1648 quem
1964 1590 2036 1633 certe
2049 1582 2174 1635 Christis·
2257 1632 2260 1637 .

159 1654 202 1701 cis
230 1658 361 1717 uteunque
389 1652 534 1701 condousri
563 1657 684 1715 possent,
712 1652 735 1700 si
760 1657 847 1701 tumen
870 1657 1074 1701 conserusssent
1095 1666 1142 1716 pu·
1192 1664 1241 1699 nos
1267 1652 1380 1700 muime
1409 1651 1478 1700 inter
1503 1663 1531 1700 se
1553 1651 1640 1701 coiere
1666 1650 1749 1701 decet.
1783 1648 1888 1701 Deinde
1908 1650 1986 1701 inniti
2007 1652 2174 1707 dissentimus

158 1734 215 1770 rum
237 1719 383 1770 doctrinam
405 1720 434 1769 iu
453 1719 591 1785 Ecelesijs.
626 1719 699 1769 llsec
722 1734 786 1771 uero
807 1720 941 1782 quomodo
965 1720 1141 1769 contuminsts
1193 1720 1225 1769 sb
1243 1720 1342 1783 optimo
1358 1717 1528 1785 Imperatore,
1546 1734 1624 1785 quem
1641 1734 1695 1769 nou
1709 1720 1795 1769 solum
1804 1719 2025 1787 propterlmperij
2034 1720 2176 1787 iesn'ginm,

158 1789 193 1839 sit
214 1788 300 1856 impijs
324 1788 492 1853 opinionibus
515 1804 546 1839 so
568 1788 769 1851 deditionibus,
793 1795 918 1839 tcetnutur
940 1786 1141 1841 Csuonistsrum
1192 1787 1241 1838 ssd
1270 1790 1349 1838 etism
1374 1796 1481 1854 propter
1505 1789 1615 1839 uirtutes
1644 1802 1708 1837 uere
1730 1786 1864 1850 heroicus,
1888 1788 1982 1855 quibus
2004 1792 2175 1854 cognouimus

158 1858 268 1920 scriptu,
292 1862 418 1907 testentur
440 1858 502 1908 libri
524 1856 734 1921 Theologornm,
754 1858 825 1923 pleni
851 1857 1058 1923 disputacionum
1081 1871 1141 1924 pro-
1193 1870 1252 1907 eum
1276 1856 1422 1920 praeditum
1447 1870 1506 1907 esse
1527 1871 1694 1919 ueneremur,
1718 1856 1766 1907 sed
1790 1857 1935 1924 uduersurij
1959 1872 2015 1907 non
2036 1863 2175 1924 paciuntur

159 1925 318 1992 pbensrnm,
342 1939 409 1989 quse
425 1927 519 1990 purtim
536 1932 597 1977 sunt
614 1927 718 1977 inutiles
735 1927 770 1976 sd
787 1928 923 1992 pietatem,
947 1928 1040 1992 purtim
1063 1928 1141 1977 etism
1193 1926 1266 1975 coire
1283 1926 1452 1975 concordiem
1469 1927 1521 1976 nisi
1537 1926 1588 1977 bec
1605 1927 1674 1990 iege,
1690 1932 1720 1974 ut
1736 1939 1786 1977 nos
1804 1926 1977 1975 assentiemur
1994 1928 2173 1981 condemnen-

158 1994 289 2045 dissident
305 1996 339 2045 sb
356 1994 514 2055 Eusngeiio.
539 1994 647 2045 Deinde
664 1997 692 2045 in
709 1996 927 2061 interpretacionis
939 1996 1083 2062 scripturae
1100 1996 1140 2045 lu·
1192 1994 1262 2047 tibus
1279 1993 1446 2046 menifestum
1463 1996 1602 2046 ueritstem
1619 1994 1768 2061 iinsugeiij,
1786 2002 1814 2044 et
1829 1994 1966 2045 iecicsise
1990 2000 2174 2051 necessurism.

160 2063 227 2114 dunt
243 2070 270 2113 et
286 2065 516 2114 comminiscuntur
533 2064 658 2129 quidquid
675 2065 747 2115 libet.
1192 2063 1225 2113 id
1241 2063 1328 2114 lucere
1344 2077 1399 2113 uon
1415 2078 1560 2129 possumus.
1586 2062 1696 2129 Oportet
1713 2064 1783 2113 euim
1793 2063 1853 2113 Deo
1870 2064 1954 2127 magis
1966 2064 2084 2129 obedire,
2098 2081 2176 2132 quum

227 2133 446 2184 Hsecdoctrinse
460 2131 759 2199 confusioprsecipnnm
768 2134 1141 2194 estsounduium,etmuxlme
1191 2133 1351 2185 bominlbus.
1387 2132 1475 2195 anrs
1492 2133 1635 2200 sduerssrij
1652 2134 1782 2183 rationem
1798 2130 1952 2185 Schismstis
1970 2134 2097 2185 reddituri
2114 2142 2177 2187 sunt

159 2202 349 2266 perniciosum,
367 2202 469 2265 dequo
487 2203 627 2268 praecipue
650 2204 765 2269 queritur
779 2204 805 2271 ι)
828 2203 960 2254 lohannes
982 2205 1010 2254 in
1035 2204 1140 2269 Apoos·
1192 2201 1261 2264 Deo,
1279 2205 1323 2267 qui
1340 2203 1471 2253 Ecclesiss
1493 2216 1564 2252 nous
1586 2208 1613 2251 et
1638 2202 1764 2251 inusitsts
1785 2202 1886 2253 seuiois
1907 2202 2046 2267 dissipent
2081 2202 2176 2269 iisque

159 2271 243 2336 lypsi,
261 2286 320 2321 enm
338 2271 460 2322 deseribit
476 2270 641 2322 Pontificium
659 2285 776 2335 reguum.
812 2270 883 2333 Quid
902 2288 960 2324 cnm
976 2280 1083 2323 uentum
1101 2278 1141 2323 est
1193 2269 1299 2321 dubium
1322 2278 1377 2334 est,
1403 2272 1466 2338 quin
1492 2270 1558 2321 bueo
1580 2270 1680 2321 seuiois
1702 2272 1878 2322 mutuoiouem
1894 2272 2007 2336 sliqusm
2031 2272 2109 2323 rebus
2125 2288 2176 2339 pu·

1192 2339 1266 2389 blicis
1289 2340 1401 2391 sileturs
1425 2340 1469 2389 sit.
1508 2339 1582 2389 lIsee
1603 2354 1651 2405 pro
1674 2346 1792 2405 temporo
1813 2340 1997 2405 respondimus
2025 2342 2062 2393 sd
2082 2340 2174 2393 coniu-

1192 2410 1333 2472 tseionem,
1349 2424 1382 2459 uo
1396 2408 1520 2459 iudicium
1538 2410 1589 2475 pijs
1607 2407 1726 2459 omnibus
1743 2410 1930 2474 permittimus,
1947 2414 2008 2461 utre
2023 2425 2086 2476 pers
2101 2418 2175 2463 recte

1191 2479 1295 2527 sentiet.
1331 2478 1367 2527 itt
1384 2478 1516 2528 oiierimus
1533 2492 1592 2539 uos,
1608 2484 1727 2528 nostrum
1744 2478 1905 2529 centensium
1922 2478 1956 2528 ds
1973 2480 2081 2545 siugulis
2097 2480 2174 2545 lonis,

177 2541 207 2607 e)
226 2542 355 2609 queritur]
373 2543 424 2595 lid.
443 2546 469 2593 4.
486 2544 565 2597 nois:
583 2545 717 2611 quescitur
1162 2586 1169 2601 .
1190 2544 1285 2612 Siquid
1301 2546 1397 2598 silenti
1416 2546 1616 2609 desidersbitur,
1633 2547 1766 2611 copiosius
1783 2547 1960 2599 deolurstnros
1977 2544 2055 2616 esse]

834 5084 1284 5096 =--——----o-——-n-=-——
1307 5088 1323 5093 --
1349 5084 1418 5091 -——··
1450 5086 1476 5093 --ι

1032 5156 1300 5239 Bruusrlgse‚

919 5280 999 5345 'lypis
1021 5294 1170 5345 expressum
1195 5278 1231 5329 it.
1255 5276 1406 5329 Brubnii.
