4702 6030
181 316 253 391 oie
527 360 536 379 ·
632 318 748 393 ram
768 320 875 391 Ulila.
896 318 1086 389 warren
1105 318 1376 390 mortam
1396 318 1457 391 E'l'
1475 318 1749 389 aremorica·
1809 316 1828 375 ·'
2030 425 2037 441 ὓ
2129 316 2200 391 ΙΙ

184 528 285 578 nno
313 508 433 576 debeat
461 509 608 577 condem
632 523 689 577 eut
710 513 864 599 recipcre
882 510 1079 577 multiones
1099 506 1167 576 bec
1217 509 1468 596 maginontenm
1490 520 1524 575 et
1545 508 1689 575 omnium
1711 505 1856 575 oiniliam
1875 508 2132 590 ordinationum,-
2154 511 2200 578 de

185 597 363 682 epinim,
393 597 483 683 quod
516 607 707 664 mereantur
742 595 1019 664 iustificationes».
1072 595 1167 662 Tunc
1218 595 1410 661 discrimine
1439 594 1536 683 regni
1569 594 1713 675 Cbriati,
1745 615 1811 660 see
1833 595 1929 682 regni
1954 614 1973 658 a
1996 594 2139 663 iritnelis
2162 606 2201 662 et

183 682 285 750 etbm
316 681 453 768 siquis
485 682 660 760 obserant,
693 684 853 750 obseruet
866 687 920 762 ⁹³)
951 682 1024 747 sine
1052 700 1167 768 super·
1262 679 1426 745 liticerum
1454 700 1582 753 rernm,
1605 680 1648 747 de
1675 681 1851 768 coniugio,
1879 680 1924 745 de
1987 683 2144 757 oudone
2163 694 2201 749 et

186 768 331 834 eticione
351 777 508 854 tanquam
536 764 693 853 politicos
714 790 826 836 mores
848 769 935 834 sicut
956 767 1030 834 eine
1050 786 1166 855 euper-
1227 766 1430 833 nstintoione
1462 785 1657 850 puerorum,
1690 769 1733 832 de
1765 768 1935 839 antima,
1969 768 2012 832 de
2043 769 2201 834 omnbus

186 855 328 920 sticione
350 851 445 918 alitor
466 856 655 920 raduntur
675 852 808 934 milites,
831 852 929 921 aliter
951 851 1164 920 scholastici.
1215 848 1340 939 officijs
1369 851 1528 918 cantatis.
1571 850 1625 916 Ex
1651 851 1718 916 boc
1750 854 1840 916 ¹stetu
1867 848 2096 921 Ecclesierum
2115 854 2216 921 iudi?

182 936 342 1025 ¹Apostoli
354 935 479 1004 molant
490 939 698 1013 traditiones,
720 950 967 1007 etexcnsentnr
983 938 1163 1006 aChristo.
1216 939 1286 1004 cari
1306 946 1426 1024 potest,
1447 958 1513 1004 nos
1534 934 1744 1022 disciplinam
1760 935 2045 1019 Ecclesiasticam,
2066 951 2101 1005 et
2120 940 2200 1025 pias

183 1022 267 1090 Erat
290 1025 376 1090 enim
398 1023 587 1111 exemplum
610 1027 850 1093 ostendendum
869 1024 1051 1104 Phariaeia
1073 1025 1163 1111 quod
1215 1025 1434 1103 ceremonias,
1455 1035 1490 1090 et
1511 1025 1620 1091 bonos
1642 1044 1755 1089 mores
1773 1022 2035 1091 Ecclesiasticus
2057 1022 2197 1114 diligen·

184 1106 234 1177 iili
261 1108 372 1176 cultus
400 1122 516 1176 essent
542 1108 687 1177 inutiles.
730 1110 829 1178 Etsi
857 1130 943 1198 quas
970 1112 1164 1177 traditiones
1213 1121 1266 1177 ter
1287 1128 1502 1177 conseruare.

182 1216 304 1283 perum
330 1197 524 1263 commodas
553 1198 707 1265 omittunt
732 1200 855 1279 nostri,
882 1198 974 1266 Satis
996 1217 1086 1264 nunc
1106 1217 1164 1262 ex·
1300 1196 1355 1262 Ac
1376 1194 1420 1262 de
1441 1194 1692 1262 mortificatione
1715 1195 1844 1273 carnia,
1867 1208 1901 1261 et
1921 1193 2099 1283 discipline
2120 1216 2195 1262 cor·

185 1283 296 1350 casati
315 1295 411 1360 aunt,
441 1302 516 1349 cum
536 1303 574 1348 re
599 1284 750 1351 mrunmr
772 1296 932 1370 tanquam
951 1302 1165 1368 promerean·
1214 1283 1308 1368 poris
1337 1282 1384 1346 ite
1411 1283 1589 1360 docemus,
1621 1282 1710 1347 sicut
1738 1292 1853 1346 narret
1886 1279 2074 1361 confessio,
2106 1282 2199 1369 qnod

185 1378 241 1435 tur
261 1366 538 1435 iustificationem.
610 1367 676 1435 alia
706 1370 793 1435 enim
822 1369 935 1456 opinio
960 1370 995 1435 in
1016 1369 1164 1435 traditio·
1215 1387 1296 1434 vers
1325 1378 1359 1432 et
1386 1386 1455 1433 non
1483 1364 1638 1434 simulate
1659 1368 1871 1433 mortificatio
1898 1366 1958 1433 liet
1978 1387 2041 1455 per
2062 1388 2200 1435 moene

184 1454 285 1521 uibus
306 1466 360 1520 eat
379 1453 491 1537 impia.
1216 1463 1249 1520 et
1277 1451 1497 1532 afflictiones,
1524 1453 1646 1539 quibus
1672 1449 1769 1519 Dera
1796 1465 1930 1519 exercet
1957 1473 2033 1519 nos.
2076 1452 2114 1519 ln
2141 1454 2198 1519 bie

271 1539 447 1606 Caeterum
488 1539 683 1605 traditiones
721 1551 856 1606 veteres
895 1536 1004 1606 lactas
1037 1540 1070 1603 in
1101 1536 1164 1604 Ec·
1215 1538 1437 1606 obediendum
1468 1550 1522 1604 est
1553 1537 1714 1605 voluntati
1748 1538 1830 1618 Dei,
1863 1537 1949 1605 siout
1980 1540 2026 1604 ait
2057 1536 2197 1620 Paulus,

183 1622 289 1693 alesia
301 1670 313 1706 ,
352 1623 502 1692 utilitatis
536 1636 570 1691 et
602 1624 852 1712 tranquillitatis
884 1644 990 1693 cauea
1022 1623 1165 1691 libenter
1215 1624 1382 1691 Exhibete
1415 1644 1561 1729 corpora
1593 1636 1708 1690 vestre
1739 1622 1882 1691 bostiam
1915 1637 1981 1691 etc.
2036 1625 2080 1690 Et
2112 1623 2198 1692 baec

184 1730 369 1787 umanum,
390 1731 517 1797 aesque
537 1713 793 1797 interpretemur
812 1711 889 1796 πρὸς
909 1710 944 1776 ri
965 1708 1165 1797 εὐφημότερον
1215 1722 1294 1778 sunt
1326 1710 1511 1797 spiritnebe
1536 1710 1696 1776 exercitia
1722 1711 1851 1777 timoris
1877 1723 1910 1776 et
1938 1710 2025 1776 fidei.
2070 1709 2198 1778 Verum

183 1793 746 1949 ffl‘aodpinmsemluletnlelm
773 1800 864 1949 pund
892 1796 1090 1950 iusfficentg
1111 1798 1165 1946 Αῐο
1214 1808 1349 1948 ρτῒοῑξῐ
1368 1794 1484 1947 dlmle
1483 1795 1945 1948 flodffimotdlllrmdffiim
1966 1816 2059 1948 peruit
2050 1817 2198 1878 crucem,

184 1901 506 2053 &addemnatam
528 1903 936 2054 disdiplirldnlollcrdleslld
956 1903 1163 2036 obdffamds]
1214 1903 1681 2054 ldndnfsdnquouchdoloe
1702 1970 1759 2034 eit.
1803 1903 1930 2035 Gddltd
1951 1902 2198 2051 {ducordaeoffl

183 2052 276 2119 Vere
304 2053 389 2118 enim
411 2054 605 2137 praedicare
630 2074 811 2139 possumus
833 2054 1001 2141 publicem
1021 2052 1163 2121 iormem
1213 2065 1327 2120 vestre
1349 2067 1529 2140 gradentur
1551 2051 1699 2140 crapula.
1726 2052 1769 2119 lit
1788 2051 1924 2120 Penius.
1957 2052 2051 2121 cesti
2078 2075 2099 2118 o
2121 2074 2196 2120 cor-

182 2135 411 2205 Ecclesierom
443 2141 533 2226 epod
565 2159 631 2204 nos
663 2139 888 2206 honestiorem
921 2159 1022 2220 osse,
1062 2160 1162 2226 quam
1214 2160 1278 2226 pua
1301 2161 1432 2218 meum,
1461 2150 1494 2205 et
1523 2141 1556 2204 in
1578 2141 1772 2206 seruitutem
1794 2141 1911 2228 redigo
1934 2153 1999 2208 etc.
2074 2138 2196 2208 tbecc

181 2225 519 2376 ¹eipndvndnersarios.
563 2222 607 2290 Et
627 2225 754 2376 llam
776 2237 868 2292 recte
891 2226 1083 2377 expearadere
1104 2246 1160 2375 ne·-
1212 2226 1373 2376 {tregias
1405 2226 1619 2377 suscipidende
1643 2235 1739 2375 alunt,
1771 2244 1839 2291 non
1867 2228 1959 2312 quod
1986 2226 2053 2292 sint
2082 2224 2197 2293 cultra

181 2325 283 2481 iia
301 2329 817 2463 stiffensis,
832 2330 1161 2476 ‘ilinaoi‘ibi
1212 2324 1539 2476 atiani,
1561 2322 2196 2478 intimitatis

183 2492 216 2549 et
238 2482 395 2547 mercede
418 2482 593 2561 conducti,
622 2493 655 2546 et
683 2480 901 2570 plaernmque
928 2494 1055 2550 tantm
1075 2502 1161 2549 mer·
1212 2503 1279 2569 qne
1306 2503 1350 2548 ex
1377 2503 1415 2548 re
1437 2481 1494 2561 fit,
1524 2494 1561 2548 et
1588 2480 1765 2550 affectibus
1793 2484 1905 2549 carnis
1938 2479 2133 2570 indulgeant
2160 2495 2196 2550 et

183 2566 277 2632 cedis
300 2585 422 2647 muse,
449 2563 580 2633 Canuut
602 2564 774 2648 Perimes,
795 2589 865 2634 non
886 2581 922 2634 vt
944 2568 1084 2645 discant,
1103 2577 1162 2634 eut
1212 2570 1442 2654 obtemperent
1468 2567 1632 2633 homines.
1675 2567 1769 2633 llaec
1797 2565 1968 2656 diligentie
1995 2570 2098 2637 debat
2117 2588 2198 2636 esse

179 2663 296 2805 idem
311 2648 525 2803 ι81)(1ηξιι1ωε
547 2674 670 2804 cedmae,
697 2656 793 2740 quasi
814 2651 1004 2805 illnddopus·
1025 2650 1161 2807 sitmcttrl·
1229 2738 1256 2806 't
1286 2668 1396 2807 ffltga,
1428 2651 1642 2806 lunam}
1671 2665 1867 2805 pemmrlm
1900 2656 2090 2808 mndztmn
2117 2654 2196 2723 Dei.

183 2757 449 2926 coenlunllnint
466 2758 578 2926 llilrlll
593 2759 1047 2912 slngcdllasffldomililciafoled
1091 2760 1162 2891 noll
1212 2759 1525 2912 temporudlrlrllliln
1576 2826 1602 2891 it
1619 2759 1934 2894 ιὲἛὴεῖοὲἆᾚ
1954 2761 2122 2894 cdlnoeldn²
2131 2760 2197 2893 ffel

182 2900 335 2989 instituti,
358 2907 542 2996 explorati,
564 2923 598 2977 et
616 2907 782 2992 absoluti,
803 2909 903 2977 Pueri
925 2923 1048 2979 canum
1067 2846 1161 2977 lael·
1211 2913 1300 2979 enim
1321 2908 1493 2978 delicatior
1519 2922 1553 2978 a
1574 2913 1802 2998 sumptuosior
1831 2933 1930 2999 qnam
1956 2910 2086 2998 reliqua
2115 2933 2197 2981 con·

180 3013 256 3061 mos
276 3007 313 3063 vt
333 2994 477 3074 discent,
498 2997 587 3062 canit
609 3004 697 3081 etpo
721 2994 811 3078 ulus,
832 3007 868 3064 vt
888 2992 944 3065 vel
965 2998 1085 3076 discet,
1107 2992 1163 3063 vel
1212 2999 1313 3064 ninia.
1354 2996 1400 3063 Et
1421 3018 1465 3064 na
1486 2998 1670 3085 aduersarij
1693 2998 1827 3084 quidem
1848 3000 2032 3066 obeernent
2054 2994 2195 3066 formam

181 3091 267 3149 oret.
300 3080 402 3168 Apud
418 3082 635 3149 aduersarios
656 3102 678 3146 n
769 3101 909 3170 prorsus
931 3094 984 3151 aet
1001 3082 1164 3165 emlinus
1212 3085 1247 3150 in
1268 3081 1464 3149 Genonibna
1485 3085 1652 3151 traditam.

206 3185 384 3247 neretum,
415 3167 459 3233 de
490 3188 558 3255 qua
589 3167 722 3256 quidem
753 3168 962 3274 praecipiunt
991 3167 1161 3235 Oenones.
1223 3220 1227 3233 .
1299 3166 1422 3235 liloltea
1443 3181 1477 3236 et
1503 3167 1657 3236 difficiles
1679 3168 1927 3255 disputaciones
1943 3168 2049 3236 babet
2068 3166 2125 3235 bie
2144 3166 2197 3237 io

214 3251 281 3337 pud
310 3272 373 3317 noa
403 3272 444 3319 co
515 3263 569 3320 tur
595 3265 751 3340 pestores
777 3267 811 3322 et
832 3255 973 3323 ministri
993 3251 1163 3321 Ecclesia·
1214 3272 1274 3322 etta
1296 3255 1339 3321 da
1359 3255 1614 3336 traditionibus,
1634 3275 1676 3323 ac
1696 3274 1760 3321 nos
1782 3255 1895 3340 reipsa
1916 3257 2047 3342 experti
2066 3275 2197 3334 sumus,

180 3342 257 3421 'rum
288 3332 421 3423 publice
465 3341 626 3405 natituere
660 3352 694 3405 et
725 3338 841 3409 andire
874 3341 1067 3425 puericiam.
1117 3336 1163 3406 Et
1211 3341 1410 3407 traditiones
1431 3361 1513 3407 vere
1533 3362 1613 3409 case
1633 3339 1776 3428 laquem
1797 3341 2090 3409 conscientiarum.
2109 3340 2197 3411 Gen

165 3412 267 3497 „baec
296 3423 485 3527 ceremonia
506 3420 806 3531 optimos‘frnctus
832 3427 931 3511 perit.
976 3426 1076 3513 Apud
1103 3426 1161 3492 ad·
1212 3427 1393 3514 exigentur
1419 3438 1578 3514 tanquam
1604 3428 1837 3532 necessariae,
1864 3427 1956 3493 miris
1983 3428 2091 3493 modia
2118 3448 2195 3493 crn-

177 3527 352 3661 istis
367 3507 565 3677 iiiiii
596 3512 896 3685 ‘sitinii'
918 3508 1162 3686 &sniis
1211 3510 2193 3685 iiiniiisiiisnniiiiniifflffi

179 3678 286 3783 ¹Atqui
316 3682 519 3768 praecipuus
551 3704 571 3748 c
606 3696 662 3749 tua
694 3681 759 3751 Dei
793 3696 863 3765 eat,
895 3619 1021 3751 dooere
1051 3682 1162 3775 Euan·
1212 3704 1295 3750 aues
1315 3687 1542 3772 quaestiones.
1577 3686 1646 3751 Sed
1668 3705 1733 3749 nos
1754 3682 1886 3751 facilem
1908 3695 1943 3749 at
1960 3681 2094 3769 planam
2115 3703 2194 3750 cau·

182 3762 315 3857 galium.
358 3765 401 3832 Et
422 3788 498 3834 cnm
519 3768 761 3859 concionantur
781 3769 966 3855 aduersarij
989 3769 1103 3835 dicunt
1120 3767 1163 3834 de
1212 3791 1285 3836 aem
1306 3768 1488 3848 babemus,
1515 3771 1595 3857 quie
1615 3771 1801 3857 aduersarij
1825 3772 1981 3837 damnent
2002 3789 2079 3848 nos,
2100 3769 2195 3855 quod

181 3850 415 3919 traditionibus
435 3852 601 3933 humanis,
621 3854 664 3919 de
680 3852 773 3920 cultu
794 3865 1001 3932 sanctornm,
1024 3867 1057 3920 et
1074 3852 1162 3920 simi·
1210 3857 1372 3922 docemus
1403 3858 1598 3923 traditiones
1631 3855 1795 3924 humanas
1826 3876 1895 3922 non
1920 3855 2043 3922 mereri
2077 3854 2195 3923 mmin-

180 3936 271 4005 libus
304 3938 424 4026 nugis,
457 3960 541 4025 quaa
574 3941 646 4007 iura
677 3936 801 4006 fastidit
833 3937 988 4027 populna.
1045 3938 1162 4027 ltaque
1211 3943 1339 4007 sionem
1379 3952 1605 4026 peccatorum.
1660 3941 1742 4007 lteeu
1779 3942 1952 4028 masticant
1983 3937 2196 4009 vninarsales

182 4025 383 4091 deseruntur
412 4026 524 4090 atatim
555 4026 678 4104 inicio,
733 4040 885 4112 ostquam
919 4027 1078 4093 recitatus
1110 4037 1163 4093 est
1211 4028 1407 4094 traditiones
1432 4048 1518 4115 quea
1545 4030 1596 4094 sic
1624 4038 1765 4107 vocem,
1791 4039 1950 4113 mnquem
1978 4027 2192 4094 neaemias

178 4107 355 4197 ,Euangelij
378 4121 500 4175 textus.
542 4106 646 4177 Peuci
691 4047 800 4177 uldam
828 4110 985 4179 meliores
1008 4132 1097 4179 nunc
1118 4113 1162 4177 de
1209 4114 1255 4179 ed
1288 4113 1564 4180 iustificationem.
1607 4112 1672 4179 llic
1701 4112 1866 4179 babemus
1899 4112 2080 4179 Patronem
2112 4128 2193 4179 con·

180 4195 278 4263 bonis
302 4197 461 4281 operibus
490 4197 602 4264 dicere
630 4132 800 4283 indlpiunt.
844 4196 898 4264 De
919 4194 1051 4265 iusticia
1072 4196 1161 4276 fidei,
1212 4210 1355 4264 stantem
1377 4197 1534 4279 Paulum,
1562 4200 1617 4284 qui
1646 4200 1768 4285 ubique
1796 4200 1966 4271 contendit
1992 4197 2056 4264 has
2077 4198 2194 4263 obaer-

181 4282 224 4347 de
244 4278 311 4347 fide
333 4279 558 4363 inb'hristnm,
581 4282 866 4349 deconsoletiona
882 4283 1162 4350 conscientiarum
1183 4271 1188 4363 i
1211 4285 1364 4350 ustiones
1391 4305 1500 4370 neque
1521 4283 1720 4364 iustificare,
1749 4303 1858 4369 neque
1885 4285 2096 4350 necessarias
2114 4302 2195 4349 esse

179 4364 261 4433 nibil
293 4369 416 4434 dicunt.
473 4369 541 4434 lmo
581 4367 671 4434 hanc
705 4366 959 4439 saluberrimam
987 4367 1161 4457 Euangelij
1183 4368 1189 4405 ¹
1213 4389 1315 4454 snpra
1335 4371 1499 4436 iusticiam
1521 4370 1611 4436 fidei.
1625 4372 1679 4450 Μ)
1717 4367 1761 4435 Et
1780 4381 1890 4435 temen
1914 4390 2009 4435 raum
2030 4368 2196 4435 libertatis

176 4462 308 4540 partem
334 4448 489 4521 lacerent
516 4454 683 4540 conuitijs.
727 4452 873 4521 Econtra
897 4455 931 4521 in
952 4455 1078 4521 nostris
1097 4454 1162 4521 Iic-
1210 4457 1246 4523 in
1267 4455 1320 4521 his
1347 4459 1467 4536 rebus,
1498 4457 1545 4522 ite
1567 4454 1808 4522 moderandum
1835 4474 1912 4522 asse
1934 4456 2115 4535 docemus,
2149 4475 2196 4520 ne

181 4534 297 4627 clesijs
324 4558 448 4631 omnes
463 4541 638 4607 contiones
667 4542 700 4605 in
721 4538 776 4621 bis
801 4538 887 4606 locis
910 4551 1160 4620 consumuntur,
1212 4540 1353 4626 imperiti
1380 4540 1607 4627 offendantur,
1634 4553 1667 4608 et
1693 4551 1832 4627 propter
1860 4543 2000 4607 ebusum
2029 4540 2195 4607 libertatis

175 4625 224 4693 dc
243 4627 464 4712 poenitencia,
486 4626 529 4693 de
550 4627 667 4693 timore
678 4625 756 4709 Dei,
778 4627 820 4693 de
842 4624 907 4693 fide
929 4626 961 4692 in
981 4624 1160 4707 Christum,
1212 4626 1294 4695 fient
1325 4627 1507 4713 iniquiores
1539 4647 1643 4694 verae
1674 4627 1849 4693 doctrines
1876 4624 2075 4713 Euangelij,
2106 4646 2197 4693 neue

182 4710 224 4777 de
250 4711 382 4777 iusticia
402 4712 499 4793 fidei,
529 4714 572 4778 de
612 4708 843 4779 consolatione
883 4712 1161 4786 conscientiarum
1212 4715 1287 4788 sine
1307 4712 1474 4798 probabili
1495 4732 1600 4780 cansa
1621 4723 1767 4779 mntem
1786 4710 1909 4798 aliquid
1926 4712 2104 4778 inusitatis
2125 4710 2197 4777 riti·

181 4816 242 4882 per
259 4796 375 4875 fidem,
409 4799 451 4864 de
478 4798 648 4884 exercitija
676 4796 770 4877 fidei,
805 4799 845 4864 de
869 4799 1019 4864 oratione
1052 4796 1161 4886 qualis
1211 4800 1296 4879 bus,
1326 4801 1387 4865 sed
1407 4811 1444 4866 vt
1471 4811 1608 4886 propter
1635 4797 1788 4866 alendam
1817 4799 2031 4864 concordiem
2058 4816 2198 4864 seruen-

182 4900 261 4948 aase
282 4884 419 4962 debeat,
450 4896 485 4951 et
504 4885 594 4972 quod
623 4895 718 4952 certo
744 4883 955 4949 statuendum
977 4886 1040 4991 sit,
1072 4886 1161 4990 quod
1212 4894 1409 4954 turveteres
1424 4907 1549 4967 moms,
1570 4887 1627 4973 qni
1639 4886 1712 4952 eine
1733 4895 1888 4971 peooeto,
1909 4895 1967 4952 eut
1983 4883 2057 4951 aine
2070 4905 2200 4971 magno

180 4971 227 5035 sit
241 4967 379 5049 efficax,
400 4971 490 5057 quod
513 4971 719 5051 mediatur,
741 4970 784 5037 de
805 4988 919 5051 cruce,
941 4970 986 5035 de
1002 4971 1162 5059 dignitate

1213 5160 1262 5226 94)
1280 5160 1372 5226 corde]
1390 5160 1441 5211 sd.
1459 5160 1485 5214 8.
1504 5167 1555 5229 typ.
1575 5178 1638 5214 erm
1658 5160 1739 5211 cerda
1805 5180 1809 5189 ·

182 5244 231 5312 93)
248 5243 380 5312 obseruet]
397 5244 449 5299 Ed.
467 5245 509 5298 &a
527 5245 650 5296 obeemt
1213 5246 1262 5315 ab)
1278 5246 1362 5314 fidei]
1379 5247 1430 5298 lid.
1448 5248 1474 5297 1.
1491 5252 1543 5316 tpp.
1562 5262 1626 5300 m
1642 5245 1715 5298 teet
