4702 6030
164 349 230 416 bnt
612 346 724 412 Ptttl.
746 345 852 416 bilin
875 344 1064 413 SCRIPTA
1085 341 1357 411 DOGMATlCA
1377 338 1435 407 ΕΤ
1456 338 1728 409 SYMBOLlCA.
2113 342 2182 407 552

166 547 300 623 oportet
322 500 391 601 nos
408 531 475 598 lide
495 534 648 619 accipere
669 529 898 602 remissionem
920 544 1171 619 peccatorum,-
1201 530 1313 613 tentijs
1347 529 1463 595 eadem
1499 528 1541 593 de
1568 548 1606 594 re
1639 529 1835 615 aduersarij.
1890 527 1965 595 Huc
2001 549 2069 595 non
2107 541 2181 614 pot·

168 643 269 777 quam
295 620 405 706 legem
433 616 592 698 iacimus,
626 621 708 699 etsi,
740 632 907 706 utsupra
940 620 1152 696 dictumest,
1202 630 1255 681 est
1299 612 1482 763 equicari,
1525 634 1592 678 non
1637 625 1781 697 possunt
1819 615 2047 681 conscientiae
2087 617 2183 681 reddi

61 727 63 731 ⁴
195 709 269 774 dem
291 705 425 772 dilectio
447 708 609 789 sequitur,
631 705 987 791 qniarenatispiritum
999 713 1150 768 sanctum
1201 698 1346 788 tranquil
1361 720 1420 777 ae,
1459 699 1521 762 nisi
1560 700 1668 764 sciant
1698 702 1889 765 mandatnm
1922 698 1986 766 Dei
2019 721 2118 778 esse,
2148 713 2183 766 et

54 861 60 877 ,
170 794 355 878 accipiunt,
381 793 459 857 ideo
481 788 591 875 legem
612 787 727 856 facere
748 792 919 876 incipiunt.
963 789 1150 855 citaremus
1203 788 1312 871 ipsum
1330 781 1567 869 Euangelium‚
1589 797 1625 849 vt
1647 796 1740 849 certo
1763 798 1909 851 statuant
1933 798 2069 870 propter
2087 785 2180 852 Chri·

194 878 270 945 lura
303 878 515 953 testimonia,
549 876 612 940 nisi
646 877 745 940 obuia
779 888 896 942 essent
929 873 1063 942 cuilibet
1118 875 1150 939 io
1202 884 1289 939 stnm
1309 872 1415 959 gratis
1437 872 1557 935 remitti
1586 882 1743 954 peccata,
1775 891 1839 936 nec
1867 872 2017 937 dubitent
2044 871 2110 937 sibi
2130 892 2181 937 rc·

168 900 290 1031 fectori
312 967 346 1028 in
368 962 553 1046 scripturis.
598 961 641 1025 Et
662 981 725 1026 nos
754 983 823 1027 non
843 963 939 1026 nimis
954 964 1008 1037 24)
1031 896 1152 1044 prolixi
1201 959 1293 1024 mitti.
1338 956 1374 1022 Si
1408 957 1482 1041 quis
1506 957 1657 1036 dubitat,
1696 957 1750 1034 is,
1782 968 1819 1020 vt
1841 956 2008 1024 lohannes
2040 959 2097 1036 ait,
2127 978 2184 1023 ac·

170 1069 250 1117 esse
272 1050 440 1133 cupimus,
462 1058 498 1111 vt
514 1042 645 1111 facilius
667 1046 754 1112 haec
776 1067 881 1114 cansa
905 1047 1050 1132 perspici
1072 1064 1152 1129 pos·
1202 1055 1299 1109 cusat
1316 1044 1570 1128 promissionem
1597 1042 1739 1107 diuinam
1768 1044 1943 1129 mendacij.
1988 1042 2086 1109 Hanc
2108 1063 2181 1109 cer·

170 1135 225 1200 sit.
269 1135 388 1219 Neque
417 1151 499 1197 vero
527 1131 660 1197 dubium
683 1143 752 1211 est,
780 1134 860 1220 quin
890 1133 976 1198 haec
1004 1133 1047 1196 sit
1075 1151 1151 1195 sen·
1202 1131 1373 1195 titudinem
1402 1127 1478 1192 fidei
1507 1147 1570 1192 nos
1593 1128 1753 1193 docemus
1776 1130 1898 1214 requiri
1919 1132 1953 1194 in
1980 1127 2180 1214 Euangelio.

170 1222 280 1286 tencin
302 1216 414 1293 Pauli,
441 1237 539 1301 qnam
562 1217 786 1295 defendimus,
809 1220 898 1305 quod
921 1217 987 1282 lide
1008 1218 1152 1300 accipia—
1202 1214 1398 1300 Aduersarij
1422 1211 1611 1298 relinquunt
1633 1215 1858 1278 conscientias
1881 1214 2027 1280 incertas
2056 1226 2090 1279 et
2116 1235 2185 1279 am·

170 1325 245 1372 mus
280 1304 509 1369 remissionem
548 1315 763 1386 peccatorum
803 1314 941 1390 propter
972 1302 1152 1381 Christum,
1202 1303 1366 1386 bigentes.
1410 1297 1499 1363 Nihil
1522 1310 1631 1363 autem
1657 1311 1761 1385 agunt
1788 1302 2014 1366 conscientiae
2035 1319 2077 1364 ex
2107 1298 2185 1380 lide,

160 1391 262 1477 'quod
291 1389 357 1454 fide
386 1387 599 1453 mediatorem
628 1387 797 1456 Christum
828 1407 998 1474 opponere
1030 1388 1151 1452 debea-
1203 1408 1279 1454 cnm
1307 1395 1468 1471 perpetuo
1496 1385 1662 1465 dubitant,
1696 1397 1804 1450 rtrum
1839 1384 1982 1452 habeant
2014 1387 2185 1451 remissio·

169 1495 245 1542 mus
273 1477 343 1540 irae
364 1473 447 1554 Dei,
470 1493 537 1538 non
566 1493 668 1558 opera
690 1486 818 1540 nostra.
862 1475 936 1539 Nec
956 1474 1152 1556 perturbcn·
1203 1493 1288 1539 nem.
1344 1470 1520 1544 Quomodo
1553 1482 1697 1554 possunt
1735 1472 1768 1535 in
1801 1469 1867 1536 hac
1900 1473 2105 1537 dubitatione
2135 1473 2185 1537 in·

171 1573 226 1627 tnr
254 1562 330 1645 piae
366 1572 512 1637 mentes,
545 1561 673 1625 etiamsi
706 1558 801 1626 Pauli
836 1560 1028 1625 sentencias
1061 1555 1150 1623 calu·
1203 1578 1327 1624 uocare
1362 1555 1486 1621 Deuml
1519 1557 1686 1642 quomodo
1719 1567 1862 1642 possunt
1892 1570 2061 1635 statuere,
2094 1557 2184 1642 qnod

171 1648 338 1712 mnientur
359 1644 556 1731 aduersarij.
601 1643 690 1711 Nihil
713 1657 779 1711 tam
807 1643 999 1730 simpliciter
1020 1645 1151 1721 dicitnr,
1203 1641 1443 1710 exaudiantur?
1486 1640 1535 1707 lta
1561 1653 1631 1706 tota
1659 1643 1728 1707 vita
1750 1653 1803 1706 est
1835 1645 1908 1708 sine
1928 1642 2023 1719 Deo,
2050 1652 2085 1707 et
2111 1643 2185 1709 sine

172 1733 263 1818 quod
285 1753 353 1797 non
374 1743 474 1816 queat
496 1731 672 1815 deprecari
695 1729 894 1797 cauillando.
927 1731 1001 1796 Nos
1023 1731 1151 1795 scimus
1202 1749 1285 1795 vero
1309 1725 1400 1794 enltn
1420 1725 1497 1792 Dei.
1541 1725 1616 1792 Hoc
1638 1729 1801 1815 estquod
1823 1727 2184 1814 Pardusinquitpec·

171 1816 276 1896 hanc,
306 1837 405 1901 quam
426 1817 587 1894 diximus,
611 1837 724 1882 veram
747 1828 781 1882 et
803 1837 996 1903 germanam
1018 1827 1151 1880 senten·
1204 1826 1313 1882 catam
1343 1832 1421 1878 esse
1451 1813 1610 1899 quidquid
1636 1835 1703 1878 non
1732 1813 1769 1878 lit
1795 1834 1836 1880 ex
1858 1814 1938 1893 fide,
1982 1813 2025 1878 Et
2051 1816 2131 1898 qnia
2152 1814 2187 1880 in

173 1904 258 1968 ciant
281 1900 377 1966 Pauli
399 1920 493 1979 esse,
515 1902 641 1967 scimus
662 1904 751 1966 hanc
774 1914 925 1966 nostram
946 1902 1153 1966 sentenciam
1203 1899 1269 1965 hac
1296 1898 1500 1965 dubitatione
1526 1918 1569 1983 pe
1611 1912 1687 1965 etun
1718 1912 1911 1978 versantur,
1937 1919 2107 1984 nunquam
2129 1920 2186 1965 ex·

170 1988 237 2074 pijs
261 1987 477 2072 conscientijs
500 1986 627 2052 firmam
647 1985 912 2054 consolationem
927 1986 1058 2064 afferre,
1080 1988 1152 2049 sine
1204 1986 1376 2069 pariuntur
1408 1984 1486 2068 quid
1516 1987 1560 2048 sit
1613 1986 1683 2052 des.
1728 1987 1776 2050 lta
1805 1985 1842 2050 fit
1871 1998 1908 2051 vt
1937 1986 1982 2050 ad
2003 1997 2186 2051 extremum

171 2095 238 2159 qua
261 2093 357 2137 nemo
379 2073 566 2138 consistere
587 2075 621 2137 in
649 2073 772 2138 iudicio
793 2072 858 2137 Dei
881 2085 993 2160 queat
1037 2071 1152 2156 ltaque
1204 2072 1356 2138 mantin
1380 2071 1658 2154 desperationem.
1703 2069 1795 2135 'l'alis
1817 2083 1870 2136 est
1891 2071 2045 2136 doctrina
2065 2072 2187 2138 aduer-

169 2160 386 2243 repudientur
423 2155 502 2223 illae
533 2156 751 2222 Pharisaicae
785 2159 959 2243 opiniones
996 2158 1152 2224 aduersa·
1176 2186 1182 2210 ι
1204 2157 1388 2235 sariorum,
1418 2152 1624 2221 doctrinale
1649 2158 1697 2235 is,
1724 2158 1900 2242 abrogatio
1921 2153 2108 2244 Euangelij,
2131 2157 2187 2222 do·

171 2246 317 2322 riorum,
349 2244 439 2328 quod
477 2263 544 2308 non
575 2245 776 2327 accipiamus
816 2242 882 2309 fide
922 2243 1153 2307 remissionem
1205 2244 1312 2309 ctrina
1334 2242 1590 2327 desperationis.
1625 2178 1731 2306 huno
1752 2240 1894 2308 libenter
1911 2243 2065 2308 omnibus
2088 2243 2188 2309 bonis

172 2341 406 2414 peccatorum,
432 2329 494 2393 sed
517 2330 606 2413 quod
636 2340 792 2411 oporteat
823 2330 942 2394 mereri
976 2326 1154 2394 dilectione
1205 2330 1286 2394 viris
1318 2327 1538 2413 permittimus
1567 2327 1722 2393 iudicium
1752 2330 1794 2393 de
1821 2328 1888 2393 hoc
1914 2325 1993 2392 loco
2014 2331 2188 2412 poeniten·

171 2427 289 2480 nostra
318 2423 350 2478 et
377 2415 554 2496 operibus,
582 2416 672 2498 quod
698 2413 909 2479 dilectionem
940 2426 1091 2480 nostram
1120 2423 1155 2477 et
1205 2416 1291 2493 ciac,
1313 2409 1395 2479 nihil
1416 2412 1503 2478 enim
1525 2409 1629 2477 habet
1651 2415 1800 2492 obscuri,
1822 2424 1859 2479 vt
1869 2415 2103 2498 pronuncient,
2125 2414 2191 2480 vtrl

172 2520 275 2584 opera
297 2508 414 2563 nostra
435 2501 505 2563 irae
528 2499 592 2562 Dei
622 2520 642 2562 o
667 2518 793 2583 ponere
823 2500 1017 2564 debeamus.
1062 2498 1154 2565 llaec
1204 2500 1312 2586 magis
1337 2500 1391 2585 pia
1416 2509 1451 2564 et
1472 2495 1622 2564 salubria
1644 2500 1876 2585 conscicntijs,
1899 2500 2090 2579 docuerint,
2110 2519 2189 2581 nos,

172 2585 324 2650 doctrina
345 2581 431 2669 legis
455 2595 517 2660 est,
539 2603 607 2648 non
654 2583 814 2671 nangelij,
835 2604 921 2670 quae
943 2582 1040 2672 fingit
1061 2585 1154 2671 prins
1204 2606 1249 2652 an
1282 2584 1479 2670 aduersarij.
1536 2581 1694 2654 Proiecto
1725 2607 1792 2651 non
1826 2583 1994 2651 delectant
2026 2604 2092 2650 nos
2124 2585 2191 2651 hae

170 2668 337 2735 hominem
369 2667 444 2771 lege
476 2668 667 2748 iustificari,
723 2690 798 2734 nam
822 2690 884 2753 per
906 2668 1076 2736 Christum
1103 2690 1154 2735 re·
1205 2671 1435 2736 dissensiones
1457 2671 1491 2734 in
1513 2670 1680 2750 Ecclesia,
1702 2691 1807 2756 quare
1828 2673 1893 2735 nisi
1916 2691 2057 2775 maqnas
2080 2682 2115 2738 et
2133 2691 2190 2737 ne·

171 2752 369 2822 conciliatus
392 2765 436 2819 stt
457 2753 558 2834 Deo,
589 2776 664 2822 cnm
716 2755 840 2821 hristus
863 2756 969 2835 dicat,
998 2756 1079 2822 Sine
1100 2776 1154 2847 me
1205 2757 1375 2822 cessarias
1397 2775 1519 2827 causas
1542 2755 1743 2823 haberemus
1765 2757 1988 2823 dissenciendr
2007 2758 2050 2823 ab
2067 2759 2189 2823 adner-

169 2839 253 2908 nihil
281 2839 422 2926 potestis
451 2837 576 2906 facere.
626 2841 724 2920 item,
750 2840 826 2927 Ego
853 2863 929 2907 snm
955 2842 1032 2907 vitis
1060 2861 1154 2921 vera,
1178 2857 1183 2872 ·
1205 2843 1324 2926 sarijs,
1357 2861 1488 2909 summa
1520 2840 1694 2908 voluntate
1727 2852 1928 2910 taceremus.
1982 2841 2082 2910 Nunc
2113 2862 2213 2923 cnm„

170 2947 235 2994 vos
256 2922 420 3012 palmites.
465 2925 592 2992 Verum
620 2926 804 3015 aduersarij
826 2928 871 2993 lin
919 2938 956 2993 nt
983 2947 1047 2994 nos
1075 2946 1154 2994 esse
1204 2929 1269 3013 ipsi
1290 2927 1501 2993 manifestam
1523 2930 1695 2994 veritatem
1714 2931 1886 3008 damnent,
1900 2931 1955 3008 ²⁷)
1976 2948 2044 2994 non
2066 2940 2119 2995 est
2141 2931 2189 2995 in·

193 3010 343 3091 almitas,
371 3031 440 3077 non
462 3008 604 3091 Christi,
627 3013 689 3077 sed
710 3011 821 3078 ltloiai.
912 3013 963 3079 ‘us
986 3015 1071 3079 enim
1094 3032 1152 3077 vo·
1204 3025 1238 3079 te
1263 3035 1335 3079 rnm
1369 3014 1466 3079 nobis
1500 3014 1658 3080 deserere
1672 3016 1725 3093 ²⁸)
1758 3034 1895 3081 causam
1927 3034 1997 3080 non
2023 3023 2187 3094 noscam,

168 3034 244 3163 lunt
283 3095 361 3183 lege
393 3096 587 3169 iustificari,
626 3094 836 3165 dilectionem
868 3110 1019 3165 nostram
1034 3103 1087 3177 ²⁶)
1120 3110 1153 3163 et
1205 3036 1267 3166 seh
1288 3098 1414 3164 Christi
1435 3109 1469 3164 et
1489 3095 1674 3165 Ecclesiae.
2093 3092 2099 3106 ’

170 3205 192 3250 o
217 3204 275 3248 era
308 3182 427 3249 offerre
453 3182 546 3262 Deo,
574 3203 672 3269 qnam
703 3184 960 3252 reconcilientur
986 3182 1063 3251 Deo
1092 3204 1154 3269 per
1290 3183 1444 3250 Diximus
1465 3206 1550 3272 quas
1572 3187 1615 3254 ob
1639 3204 1761 3251 causas
1785 3187 1997 3271 posuerimus
2015 3183 2079 3250 has
2099 3185 2186 3251 dnae

169 3205 349 3348 Christum,
370 3289 470 3354 quam
490 3269 558 3333 sint
577 3266 732 3355 palmites
750 3268 884 3337 Christi.
918 3267 1044 3337 Paulus
1068 3290 1148 3336 con·
1228 3282 1318 3336 artes
1339 3271 1571 3375 poenitenciae
1607 3273 1845 3338 contricionem
1866 3282 1901 3338 et
1933 3270 2044 3337 fidem.
2083 3270 2121 3336 ld
2145 3291 2187 3338 ue

168 3364 222 3421 tra
244 3356 415 3422 contendit
442 3353 552 3441 legem
581 3374 648 3421 non
695 3373 775 3419 osse
804 3355 875 3421 fieri
907 3357 981 3422 sine
1004 3355 1151 3422 Christo.
1203 3293 1271 3421 hoc
1293 3352 1433 3423 secrmns
1460 3355 1637 3430 libentius,
1674 3358 1750 3445 quia
1778 3354 2055 3425 circumferuntur
2081 3293 2187 3423 meiito

168 3438 250 3505 ldco
283 3440 459 3525 promissio
492 3441 586 3524 prius
613 3441 807 3526 accipienda
836 3452 905 3513 est,
940 3453 974 3507 rt
1003 3441 1068 3509 fide
1100 3461 1152 3507 re·
1203 3443 1291 3509 dicta
1330 3444 1372 3508 de
1409 3443 1617 3528 poenitencia
1655 3465 1741 3530 quae
1775 3454 1928 3509 truncata
1962 3445 2104 3509 citantur
2143 3463 2186 3508 ex

168 3522 385 3592 conciliemur
414 3524 508 3604 Deo,
536 3538 674 3613 propter
696 3525 883 3605 Christum,
916 3548 1017 3614 quam
1039 3523 1151 3613 legem
1203 3526 1378 3607 Patribus,
1405 3549 1492 3614 quae
1514 3530 1557 3594 ad
1579 3530 1823 3596 obscurandam
1844 3528 1942 3595 fidem
1970 3530 2185 3593 detorserunt

167 3598 319 3678 facimus.
365 3610 457 3677 Haec
480 3613 562 3676 satis
585 3613 763 3698 perspicua
785 3631 863 3678 esse
885 3614 951 3699 pijs
976 3614 1151 3679 conscien·
1203 3615 1401 3700 aduersarij.
1442 3611 1536 3679 'l'alia
1557 3627 1648 3694 srrnt,
1672 3616 1883 3700 poenitencia
1903 3625 1953 3679 est
1973 3610 2062 3678 mala
2083 3633 2185 3698 prae·

167 3698 223 3783 tijs
254 3698 491 3762 existimamus.
535 3696 578 3762 Et
605 3697 682 3763 hinc
715 3695 916 3786 intelligent,
950 3697 1020 3764 Cur
1048 3719 1151 3783 supra
1202 3701 1300 3764 terite
1320 3696 1500 3787 plangere,
1528 3710 1563 3764 et
1584 3697 1773 3786 plangenda
1800 3703 1914 3766 iterum
1938 3719 2006 3764 non
2034 3698 2185 3764 commit·

190 3779 315 3848 rolessi
343 3783 448 3847 simus
470 3781 644 3849 iustificari
666 3783 818 3848 homines
833 3789 886 3865 2⁶)
909 3783 993 3861 fide,
1014 3803 1083 3851 non
1105 3784 1149 3848 di·
1202 3794 1282 3849 tere.
1328 3784 1420 3862 item,
1442 3785 1660 3851 Poenitencia
1682 3796 1735 3850 est
1778 3787 1921 3852 uaedam
1946 3782 2091 3851 dolentis
2114 3785 2182 3851 vin·

165 3803 332 3948 lectione,
355 3867 433 4016 quia
452 3879 586 3951 oportet
607 3886 672 3932 nos
695 3888 865 3953 opponere
886 3871 956 3937 irae
977 3869 1059 3948 Dei,
1081 3889 1149 3934 non
1201 3870 1302 3949 dicta,
1324 3872 1465 3957 puniens
1487 3871 1521 3935 in
1543 3890 1582 3935 se
1604 3872 1695 3957 quod
1718 3806 1809 3937 dolet
1830 3891 1869 3936 se
1891 3871 2113 3937 commisisse.
2147 3871 2184 3935 ln

165 3964 317 4019 nostram
380 3951 590 4032 ilectioncm,
630 3966 685 4020 ant
719 3974 822 4037 opera
834 4000 844 4032 ,
882 3967 941 4021 ant
979 3954 1150 4022 confidere
1200 3952 1252 4021 hia
1275 3957 1372 4022 dictis
1396 3952 1552 4023 nnllafit
1573 3960 1695 4022 arentin
1725 3955 1821 4035 fidei,
1849 3957 1903 4022 Ac
1929 3977 1973 4023 ne
1998 3957 2033 4022 in
2055 3953 2184 4022 scholis

165 4050 284 4106 nostra
306 4036 484 4105 dilectione
506 4059 547 4102 ac
569 4040 740 4123 operibus,
762 4041 824 4105 sed
836 4037 1006 4107 Christum
1027 4041 1148 4106 media·
1200 4043 1344 4201 quidem,
1366 4063 1439 4108 cnm
1458 4043 1727 4126 interpretantur,
1749 4043 1874 4129 aliquid
1894 4041 2019 4107 deiide
2036 4042 2178 4107 additur.

165 4136 283 4193 torem.
327 4124 370 4190 Et
398 4123 492 4207 prins
514 4135 647 4209 oportet
675 4126 926 4210 apprchendere
954 4127 1147 4212 promissio·
1234 4149 1313 4192 uare
1341 4148 1406 4193 nos
1436 4149 1526 4208 eam,
1552 4140 1588 4194 vt
1614 4131 1722 4216 magis
1749 4128 1900 4213 conspici
1922 4128 2077 4193 doctrina
2103 4126 2181 4192 fidei

102 4264 104 4269 .
165 4231 242 4277 nem
263 4210 471 4278 remissionis
493 4216 721 4295 peccatorum,
743 4232 841 4299 quam
862 4209 971 4298 legem
993 4208 1146 4278 facimus.
1224 4223 1336 4290 osset,
1378 4214 1464 4278 inter
1502 4226 1616 4299 partes
1655 4215 1884 4300 poenitenciae
1921 4214 2178 4279 numerauimus.

251 4296 448 4375 Postremo,
478 4297 612 4382 quando
634 4297 698 4362 erit
719 4310 840 4382 pacata
862 4298 1085 4378 conscientia,
1111 4297 1148 4363 st
1198 4234 1284 4363 ham
1306 4295 1363 4363 illa
1385 4299 1492 4375 dicta,
1538 4321 1601 4366 nae
1623 4301 1863 4367 contricionem
1883 4313 1942 4365 ant
1964 4301 2053 4364 bona
2076 4317 2180 4383 opera

164 4381 241 4446 ideo
263 4383 446 4469 accipimus
468 4383 698 4448 remissionem
720 4383 1061 4470 peccatorumque
1082 4403 1147 4449 nos
1198 4385 1389 4470 requirnnt,
1423 4397 1456 4451 et
1482 4406 1528 4450 nn
1574 4407 1607 4452 m
1637 4386 1713 4453 fidei
1741 4385 1951 4452 iustificantis
1972 4384 2180 4451 mencionem

166 4462 256 4532 dill⁰
291 4487 344 4547 ns,
366 4482 423 4534 ant
444 4465 555 4553 legera
582 4465 746 4535 sommus?
778 4470 917 4555 Semper
939 4471 1026 4534 enirn
1049 4489 1147 4535 accu-
1197 4465 1335 4543 faciunt,
1356 4467 1548 4556 periculosa
1569 4491 1660 4550 esse,
1681 4492 1737 4537 res
1759 4468 1834 4557 ipsa
1850 4462 2008 4538 ostendit.
2047 4467 2092 4534 Et
2112 4489 2179 4536 me·

59 4583 61 4586 >
164 4552 254 4617 sabt
275 4572 338 4617 nos
358 4550 427 4632 lex,
451 4553 528 4638 quin
549 4574 717 4640 nunqnam
738 4551 807 4641 legi
821 4555 886 4620 Dei
909 4551 1145 4639 satisfacimus,
1197 4557 1261 4621 rito
1290 4556 1472 4622 desiderari
1499 4557 1683 4642 prudencia
1714 4559 1849 4623 inistis
1877 4570 1990 4641 potest
2017 4556 2074 4643 qni
2102 4573 2180 4621 cen·

163 4632 260 4706 Sicut
280 4638 385 4723 inquit
406 4635 545 4705 Paulus.
588 4637 661 4704 Lex
688 4641 772 4705 iram
795 4651 971 4723 operatur,
998 4636 1147 4727 Chryso·
1196 4651 1295 4707 tones
1305 4639 1383 4708 illos
1394 4645 1639 4709 sentenciamm
1657 4654 1690 4709 et
1701 4644 1909 4710 decretorum
1922 4652 2182 4729 congesserunt,

163 4733 296 4791 atomus
306 4725 435 4807 quaerit
446 4724 488 4790 de
508 4725 729 4810 poenitencia,
751 4727 841 4792 vnde
853 4727 935 4791 certi
956 4726 1144 4806 reddamur,
1195 4726 1281 4792 Nam
1310 4747 1385 4794 cnm
1406 4725 1525 4795 Patres
1554 4726 1640 4794 alias
1670 4731 1712 4796 de
1738 4726 1804 4795 alia
1824 4740 1920 4815 parte
1946 4727 2180 4814 poenitenciae

163 4820 303 4896 peccme
334 4810 431 4874 trobis
455 4811 597 4878 rembsa
626 4830 716 4878 esse.
761 4811 933 4887 Quaerunt
959 4821 993 4877 et
1013 4812 1048 4878 ln
1069 4830 1144 4877 sen·
1194 4808 1392 4899 loquantur,
1415 4834 1482 4880 non
1503 4826 1629 4881 tantum
1651 4816 1694 4882 de
1714 4836 1781 4881 vna
1802 4828 1913 4900 parte,
1940 4815 2003 4880 sed
2024 4814 2068 4879 de
2090 4823 2180 4878 vtra-

161 4906 171 4925 ⁸
1195 4918 1281 4984 que,
1304 4896 1370 4966 hoc
1392 4915 1463 4979 est,
1486 4902 1530 4968 de
1552 4902 1760 4969 contricione
1781 4912 1816 4969 et
1835 4900 1919 4981 lide,
1939 4917 2126 4984 excerpam
2146 4909 2184 4965 et

1420 5094 1427 5101 ι

164 5093 212 5164 24)
230 5093 319 5167 mnia]
335 5097 387 5152 lla
404 5102 447 5151 4.=
463 5100 550 5151 minna

164 5180 212 5246 ib)
229 5184 357 5250 nomam]
372 5183 455 5236 iiditt.
473 5185 567 5236 t-tr
584 5201 658 5240 snam
1194 5188 1244 5257 at)
1262 5190 1406 5260 damant]
1422 5189 1473 5246 Ed.
1491 5195 1531 5246 a:
1550 5192 1681 5256 dume,

165 5264 214 5332 κ)
229 5267 359 5337 honines]
376 5270 427 5325 tta.
445 5272 489 5324 tr
505 5269 640 5336 henim
816 5296 819 5301 ·
1195 5276 1243 5343 2⁸)
1262 5276 1393 5348 decuere]
1409 5279 1459 5332 tte.
1477 5277 1517 5331 &a
1535 5279 1663 5332 mate
