4702 6030
164 308 236 376 etti
624 305 740 375 tntu.
761 304 867 372 MEL-
887 302 1077 373 sonim
1096 298 1368 370 DOCEA'HCA
1387 300 1447 369 ΕΤ
1466 301 1741 377 8ῩΜΒΟΗοΔ.
1928 358 1932 367 -
2120 301 2190 374 Μ

196 495 412 560 renunciatur
437 491 624 573 absolutio,
661 494 751 580 quod
784 513 852 559 non
884 491 995 559 selum
1026 488 1152 558 maritis
1202 485 1391 555 tundentur.
1435 487 1509 557 Nec
1535 504 1588 557 est
1613 491 1849 559 confidendum
1871 492 1962 579 quud
1982 491 2061 559 insti
2085 510 2189 578 repa·

172 516 314 659 ilhristi,
346 581 408 645 sed
430 580 556 645 meritis
577 580 718 645 aliorum
740 591 931 646 sanctorum
959 574 1151 643 reconcilie-
1203 584 1312 640 temur
1332 575 1457 642 meritis
1478 576 1597 645 beatae
1618 579 1769 665 virginis,
1783 580 1837 656 ²⁸)
1864 590 1923 645 ant
1943 575 2086 646 aliorum
2106 590 2188 647 esu·

171 686 247 732 ntur
266 676 300 731 et
326 665 404 731 iusti
425 676 627 752 reputemur.
670 663 811 738 Quidam
838 665 979 732 euobis
999 665 1153 730 viderunt
1201 669 1342 727 uturum.

172 753 367 817 morientem
391 752 563 816 doctorem
590 750 813 836 Theologiae,
840 750 884 815 ad
912 770 1011 836 quam
1033 767 1152 814 consc-
1288 744 1414 811 llearet
1436 758 1470 810 et
1490 745 1546 811 hic
1567 767 1662 814 error
1683 748 1773 832 apud
1795 747 1933 827 doctos,
1955 748 2049 834 quod
2070 749 2187 836 οἰυςι·

170 832 309 912 landumv
327 835 495 919 adhibitus
525 848 596 901 erat
616 834 805 901 Monachus
827 837 990 922 quispiam
1010 832 1153 900 Theolo-
1201 827 1244 895 lis
1265 831 1392 896 unctis
1414 841 1528 897 certae
1549 836 1801 918 procurationes
1823 835 2128 919 commissuejsint,
2148 845 2185 901 rt

167 940 249 1010 gns.
301 919 332 984 is
365 922 516 987 morienti
551 919 634 986 nihil
665 919 867 999 inculcabat,
880 926 934 1001 ²⁶)
967 921 1031 986 nisi
1063 922 1152 985 hanc
1203 916 1302 980 Anna
1329 917 1468 982 diuicias
1490 914 1669 1006 largiatur,
1696 919 1917 985 Sebastianus
1943 931 2060 999 mceat
2080 922 2183 1006 pesti·

196 1008 415 1086 renationem,
444 1009 552 1072 Mater
574 1008 702 1092 gratiae
730 1027 794 1072 nos
816 1009 858 1073 ab
881 1007 979 1073 hoste
1000 1017 1151 1092 protege,
1201 999 1361 1081 lanciam,
1407 999 1605 1069 Valentinus
1644 1005 1817 1070 medeatur
1852 1007 1973 1072 morbo
2006 1003 2182 1089 comiciali,

171 1028 314 1158 inhers
337 1094 454 1156 mortis
476 1093 619 1177 suscipe.
674 1091 718 1157 Vt
739 1090 920 1179 largiamur
940 1093 1031 1178 quod
1054 1094 1152 1156 heata
1202 1084 1370 1171 Georgius
1397 1100 1530 1154 tueatur
1557 1091 1699 1176 equites.
1752 1088 1825 1154 Hae
1853 1090 2092 1174 persuasiones
2114 1088 2182 1176 pls·

172 1176 281 1244 Maria
301 1188 373 1242 oret
395 1198 456 1262 pro
480 1174 645 1255 Ecclesia,
668 1198 746 1242 num
768 1180 843 1263 ipsa
863 1179 1002 1264 suscipit
1024 1179 1151 1243 animas
1202 1189 1245 1235 ue
1258 1175 1312 1249 2⁹)
1333 1184 1412 1238 sunt
1433 1185 1528 1240 ortae
1549 1195 1592 1240 ex
1619 1175 1761 1242 ethnicis
1783 1173 1958 1259 exemplis.
2007 1177 2067 1245 Sic
2095 1180 2181 1245 cuia

172 1264 208 1328 in
229 1272 346 1340 morte,
368 1282 446 1327 num
470 1263 571 1328 vincit
592 1273 743 1341 mortem,
765 1285 844 1329 nuru
866 1263 1036 1330 uiuificati
1064 1261 1151 1336 Quid
1202 1255 1292 1340 apud
1319 1256 1487 1325 Romanos
1513 1262 1692 1346 putabatur
1721 1259 1804 1327 luno
1831 1261 1957 1342 ditare,
1989 1260 2110 1329 Febris
2131 1284 2181 1328 ar·

172 1349 243 1436 agit
263 1344 440 1413 Christusl
461 1352 491 1414 si
513 1347 598 1414 haec
619 1345 701 1413 iacit
725 1350 824 1415 beata
845 1349 961 1428 Maria,
985 1369 1071 1435 quae
1088 1348 1152 1413 etsi
1203 1361 1283 1407 cere
1302 1340 1432 1424 febrim,
1449 1342 1573 1411 Castor
1589 1359 1623 1411 et
1642 1343 1763 1412 i’ollux
1780 1344 1960 1414 defendere
1976 1350 2107 1434 equites
2119 1359 2181 1415 ete.

173 1444 227 1499 est
258 1432 452 1518 dignissima
480 1454 533 1498 am
556 1431 696 1498 lissimis·
719 1434 923 1514 honoribus,
949 1447 1062 1500 tamen
1084 1454 1150 1498 non
1203 1425 1245 1492 Et
1266 1425 1430 1514 fingamus
1452 1431 1716 1497 moderatissime
1737 1433 1823 1496 tradi
1844 1432 2088 1499 inuocatieueur
2106 1454 2183 1501 saa·

176 1513 243 1583 rnlt
275 1535 314 1582 sc
345 1521 481 1604 aequari
509 1455 660 1597 Cir-isto,
694 1521 755 1585 sad
782 1522 894 1605 potius
915 1518 1066 1605 exempla
1088 1539 1151 1583 sua
1203 1525 1344 1593 ctorem,
1365 1526 1476 1582 umen
1493 1536 1568 1582 cuna
1584 1515 1772 1602 exemplum
1790 1518 1835 1582 sit
1851 1504 2208 1601 periculosissimus-s
2218 1594 2223 1603 ,

171 1620 235 1669 nos
257 1602 374 1667 intueri
397 1615 431 1669 st
451 1603 606 1688 amplecti
629 1602 710 1670 vult
754 1605 799 1670 At
820 1626 877 1671 res
898 1603 1045 1692 loquitur
1064 1609 1150 1689 ipsa,
1202 1618 1363 1685 quorsum
1384 1621 1470 1686 opus
1494 1613 1546 1668 est
1570 1622 1643 1668 eam
1666 1600 1858 1681 defendere,
1880 1624 1957 1669 cum
1977 1601 2105 1670 nullam
2125 1602 2203 1685 hc,

195 1686 263 1753 uod
291 1686 426 1774 publica
454 1692 675 1775 persuasione
703 1691 802 1757 beata
827 1692 924 1779 virgo
955 1711 1094 1775 prorsus
1116 1692 1151 1755 in
1203 1686 1280 1749 beat
1311 1688 1503 1752 mandatum
1535 1699 1593 1754 aut
1624 1688 1848 1755 testimonium
1879 1709 1924 1754 ex
1955 1692 2060 1761 verbe
2097 1686 2197 1757 neti*

170 1709 282 1838 iocum
305 1772 430 1839 Christi
451 1777 664 1841 successerit.
708 1774 804 1842 Hanc
831 1779 1073 1842 inuocauerunt
1093 1774 1150 1839 ho·
1202 1771 1270 1834 imo
1304 1790 1367 1836 nec
1394 1785 1543 1838 veterum
1576 1772 1785 1857 Scriptorum
1816 1775 2042 1842 testimonium
2071 1775 2180 1842 habet

171 1859 295 1940 mines,
327 1859 426 1924 huius
454 1862 680 1926 misericordia
708 1862 828 1927 confisi
854 1874 949 1941 suut,
981 1863 1150 1949 perhanc
1202 1854 1346 1921 Primum
1374 1858 1470 1939 quia,
1498 1870 1535 1924 vt
1561 1859 1772 1947 supradixi,
1804 1879 1880 1923 cum
1900 1858 1959 1946 aiij
1982 1861 2182 1929 mediatores

171 1940 350 2010 voluerunt
381 1944 517 2030 placa're
548 1944 735 2026 Christum,
767 1949 862 2033 quasi
896 1951 926 2013 is
959 1968 1025 2015 non
1058 1957 1151 2012 esset
1200 1956 1333 2025 praeter
1354 1939 1522 2009 Christum
1544 1956 1767 2030 quaeruntur,
1796 1942 1984 2012 collocatur
2004 1945 2130 2014 fiducia
2148 1950 2181 2015 ia

193 2029 388 2113 repiciator,
418 2032 480 2096 sed
501 2043 627 2097 tantum
649 2033 834 2100 horrendus
856 2032 973 2118 ludex,
996 2044 1030 2099 et
1051 2030 1149 2098 vltor.
1200 2024 1299 2108 alios,
1322 2027 1473 2095 obruitur
1494 2041 1565 2094 tota
1581 2031 1704 2100 noticia
1715 2029 1853 2109 Christi,
1874 2030 1978 2122 idque
1994 2051 2051 2097 res
2069 2044 2183 2101 osten·

204 2135 245 2181 os
266 2128 376 2181 autem
387 2119 562 2197 sentimus,
585 2120 638 2196 υ)
649 2121 740 2204 quod
759 2140 826 2184 non
843 2120 887 2183 sit
903 2117 1149 2189 confidendum,
1201 2112 1257 2177 dit.
1301 2111 1442 2181 Vidw
1473 2115 1572 2180 ἱῦῖθῑθ
1601 2116 1723 2182 millib
1751 2127 1965 2196 mmmm,
1998 2115 2110 2203 (1⁰³¹ss
2133 2129 2184 2185 Εἴ

172 2199 264 2286 quod
295 2201 413 2266 merita
447 2214 641 2269 sanatorum
672 2204 771 2269 nohis
805 2202 1026 2289 applicentur,
1059 2203 1149 2289 quod
1201 2199 1235 2261 in
1256 2199 1426 2265 veteribus
1448 2200 1656 2266 orationihus
1683 2198 1850 2267 tolerabili
1880 2199 2023 2268 consilio
2046 2216 2185 2291 recepta

171 2297 309 2372 propter
337 2283 395 2351 ilia
417 2286 520 2352 Deus
538 2287 640 2353 nohis
662 2287 916 2369 reconcilietur,
942 2304 999 2354 aut
1021 2297 1151 2438 reputet
1201 2302 1290 2349 esse.
1342 2282 1468 2351 Postea
1496 2299 1616 2352 secuta
1643 2297 1696 2353 est
1725 2287 1912 2368 mancatis,
1938 2289 2184 2357 lanceationem

172 2390 236 2436 nos
262 2372 390 2451 iustos,
417 2384 476 2438 aut
502 2371 612 2438 salust
639 2392 713 2438 nos.
757 2373 897 2440 Tantum
919 2377 1005 2441 enim
1027 2373 1055 2440 C
1080 2374 1151 2438 risti
1201 2370 1387 2456 prodigiosi
1410 2383 1444 2436 ct
1465 2370 1643 2458 plusquam
1668 2370 1792 2438 ethnici
1815 2373 1941 2439 abusus
1963 2377 2073 2442 seem
2095 2386 2184 2444 suut·

170 2455 301 2607 iii
321 2459 1151 2628 issimi,“iiiittmaittiiihit
1203 2541 1486 2626 ,
1512 2459 1565 2608 a
1584 2459 1995 2629 isaurius
2016 2461 2185 2632 :aas

489 2588 498 2607 ·
751 2596 761 2608 ·-
1140 2591 1152 2622 s
1486 2587 1497 2621 s

172 2625 412 2713 Vnusquisque
450 2629 588 2711 recipiet
618 2633 805 2697 mercedem
837 2633 1023 2698 secundum
1055 2651 1152 2696 sumn
1203 2629 1272 2705 vis,
1301 2628 1389 2692 sicut
1410 2630 1500 2714 magi
1532 2630 1599 2694 vim
1626 2630 1739 2695 inesse
1759 2628 1888 2717 fingunt
1920 2631 2122 2718 imaginibus
2141 2634 2186 2698 si·

171 2708 337 2790 laborem,
369 2715 404 2778 id
433 2724 504 2792 cst,
536 2716 599 2798 ipsi
625 2714 710 2780 inter
737 2737 777 2782 se
803 2718 932 2782 donare
952 2737 1014 2782 sua
1035 2719 1152 2782 merita
1202 2731 1343 2798 gnorum
1375 2712 1568 2780 coelestium
1590 2726 1684 2783 certo
1710 2726 1859 2800 tempore
1891 2715 2046 2802 sculptis.
2091 2717 2185 2785 Vidi-

171 2796 229 2881 aiij
252 2795 330 2880 alijs
352 2817 421 2863 non
441 2811 595 2884 pomum,
617 2801 704 2867 sicut
726 2801 883 2868 Monachi
904 2803 1053 2869 vendunt
1074 2821 1151 2866 suo·
1203 2816 1276 2863 urus
1298 2800 1332 2862 in
1353 2801 1497 2885 quodam
1518 2802 1723 2867 monasterio
1736 2800 1973 2869 simulachrum
1989 2805 2185 2871 bestaerir·

171 2905 246 2951 rum
268 2884 420 2948 ordinum
442 2886 569 2951 merita.
611 2885 652 2950 Et
669 2884 813 2954 Hilarius
831 2889 890 2967 ait,
912 2889 953 2954 de
970 2885 1070 2954 fatuis
1089 2889 1151 2953 vir·
1202 2885 1306 2973 ginis,
1336 2888 1444 2971 quod,
1478 2888 1573 2973 quasi
1596 2886 1791 2968 uiuiparos,
1813 2891 1956 2968 arte⁸⁰)
1976 2891 2184 2968 mouebatur,

171 2970 315 3119 pinibus.
364 2969 407 3034 Et
434 2971 512 3057 quia
538 2971 672 3055 prodire
702 2975 834 3041 obuium
863 2972 975 3039 fatuae
996 2975 1151 3040 extinctis
1203 2982 1240 3037 vt
1271 2971 1440 3037 videretur
1472 2985 1528 3038 aut
1558 2974 1709 3038 auersari
1740 2985 1908 3058 mentes,
1938 2984 1997 3039 aut
2021 2994 2181 3043 annuere.

186 3055 380 3139 ampadibus
412 3075 481 3122 non
517 3069 683 3140 possunt,
719 3059 941 3143 deprecantur
973 3078 1032 3124 eus
1065 3078 1152 3146 quae
1203 3055 1246 3122 Et
1267 3067 1376 3122 umen
1399 3059 1543 3123 omnium
1564 3068 1749 3125 statuarum
1769 3071 1869 3144 atque
1886 3061 2089 3142 picturarum
2106 3082 2185 3147 pcr-

196 3142 353 3205 rudeutes
376 3152 482 3221 erant,
504 3155 541 3207 vt
562 3141 672 3209 oleum
693 3157 855 3226 mutuent,
876 3146 997 3232 quihus
1014 3165 1151 3231 respon·
1202 3152 1295 3208 tenta
1315 3154 1474 3229 superant
1494 3142 1671 3210 fabulosae
1690 3142 1850 3210 historiae
1870 3146 1915 3211 de
1934 3148 2074 3226 sanctu,
2096 3164 2184 3233 quae
2237 3160 2244 3170 ‘

116 3292 118 3296 .
170 3162 302 3306 ierunt,
323 3247 390 3292 non
409 3247 512 3311 posse
533 3229 681 3309 sedare,
703 3234 779 3316 quia
797 3229 1040 3311 nonsitiorte,
1061 3232 1152 3318 quod
1203 3247 1325 3315 magna
1346 3229 1522 3299 autoritate
1543 3226 1677 3315 publice
1699 3231 1925 3298 tradebantur.
1958 3231 2110 3298 Barbara
2125 3251 2183 3318 pe

172 3312 326 3377 omnihus
352 3316 434 3378 satis
454 3314 516 3385 sit,
548 3311 666 3378 alienis
692 3316 824 3383 scilicet
844 3319 1001 3403 operibus
1022 3337 1065 3383 ac
1085 3337 1152 3384 me·
1203 3314 1242 3378 tit
1280 3316 1366 3380 inter
1403 3326 1567 3381 tormenta
1599 3317 1798 3401 praemium,
1837 3336 1882 3384 ue
1909 3318 1986 3404 quis
2020 3319 2182 3385 inuocans

172 3397 245 3462 ritis
267 3399 430 3463 neminem
452 3400 685 3481 adiuuandum,
707 3404 785 3487 quia
806 3405 981 3488 rnicuique
1007 3401 1152 3487 lampadi
1201 3400 1212 3463 ἰ
1277 3421 1309 3464 m
1322 3401 1381 3480 ⁸¹)
1402 3402 1579 3481 morimr,
1609 3403 1683 3467 sine
1705 3402 1915 3469 eucharistia.
1958 3399 2055 3469 Alius
2077 3415 2184 3471 totum

172 3499 256 3548 suae
276 3503 387 3549 emere
408 3482 519 3550 oleam
542 3489 761 3552 accessesit
805 3487 889 3554 Cum
911 3491 1013 3575 igitar
1033 3491 1153 3555 aduer·
1230 3483 1418 3565 salterium,
1449 3498 1544 3553 stans
1595 3487 1658 3555 ede
1679 3489 1712 3551 in
1735 3507 1818 3565 vno,
1846 3488 1990 3575 qnotidie
2016 3489 2183 3557 recitauit.

172 3569 253 3655 sarij
283 3569 425 3634 doceant
452 3570 605 3636 fiduciam
641 3570 812 3639 collocare
844 3575 878 3637 in
908 3575 1152 3641 insecutionem
1203 3570 1479 3658 Christophorum
1497 3510 1603 3659 pinxit
1622 3570 1742 3659 aliquia
1763 3574 1816 3639 vir
1836 3574 1996 3658 prudeus,
2020 3582 2058 3637 vt
2079 3575 2184 3660 sigri-

173 3666 382 3732 sauctorum,
411 3677 485 3721 cum
514 3677 623 3742 nsque
644 3660 781 3724 verbum
802 3658 886 3737 Dei,
913 3680 1022 3745 neque
1044 3680 1152 3726 exem·
1203 3658 1319 3722 liceret
1351 3678 1411 3742 par
1443 3656 1661 3744 allegoriam,
1701 3679 1855 3746 maguum
1887 3670 2044 3742 opertere
2076 3663 2184 3728 roim

172 3737 264 3826 plum
297 3740 491 3827 Scripturas
522 3739 686 3822 habeam,
728 3765 802 3809 cum
835 3743 1003 3830 applicent
1036 3749 1153 3812 merita
1202 3744 1300 3808 animi
1328 3763 1407 3809 esse
1433 3744 1468 3809 in
1489 3745 1542 3810 hia
1564 3745 1622 3831 qui
1647 3742 1774 3810 i'errent
1799 3743 1985 3823 Christum,
2017 3744 2088 3810 hcc
2120 3758 2183 3826 est,

173 3837 366 3892 sanctorum
387 3846 450 3912 pro
470 3823 565 3910 alijs,
597 3847 664 3892 non
695 3847 795 3894 secus
816 3850 859 3894 ac
880 3831 996 3895 nterita
1017 3830 1154 3912 Christi,
1203 3829 1260 3915 qui
1287 3830 1445 3895 docerent
1472 3828 1708 3918 Euangeliou,
1736 3842 1796 3896 aut
1822 3829 2078 3909 confiterentur,
2105 3832 2188 3983 Ἦ

173 3921 207 3976 et
232 3914 400 3996 proprium
423 3910 548 3977 Christi
579 3913 740 3980 honorem
772 3914 807 3980 in
839 3927 978 3982 sanctos
1010 3918 1152 3985 mansia-
1204 3917 1412 3981 accessesit
1433 3917 1548 3981 subire
1569 3918 1711 3982 maxima
1731 3913 1899 4003 pericula,
1919 3915 2050 3981 Deinde
2071 3928 2126 3982 sto

171 4009 266 4077 rant,
292 4017 401 4085 neque
428 3999 601 4081 opiniones
628 4020 744 4066 eorum
772 4002 815 4066 de
836 3998 928 4068 cultu
949 4015 1154 4084 sanctorum,
1202 4002 1357 4067 monachi
1378 4002 1476 4086 «apud
1508 3999 1665 4087 papulum
1695 4004 1881 4070 docuerunt
1906 4003 2068 4066 inuocare
2089 3999 2181 4068 Chri·

172 4102 283 4170 nequs
312 4084 587 4150 consuetudinem
613 4085 836 4152 inuocationis
862 4090 1012 4172 recipere
1033 4109 1153 4174 possu·
1203 4085 1415 4172 stophorum,
1445 4090 1541 4176 quasi
1562 4085 1638 4152 talis
1660 4084 1883 4174 polyphemus
1904 4085 2085 4174 aliquando
2105 4087 2181 4153 exti-

171 4191 258 4235 mus.
302 4170 434 4236 Scimus
457 4170 542 4235 enim
566 4170 719 4237 fiduciam
740 4174 774 4239 in
796 4170 920 4238 Christi
941 4175 1152 4242 intercessio·
1204 4175 1307 4240 usses
1351 4173 1502 4262 Cumque
1529 4175 1637 4239 sanmi
1659 4177 1820 4239 maximas
1842 4194 1898 4240 res
1921 4174 2106 4260 gesserint,
2127 4169 2180 4240 vd

170 4274 247 4320 nem
269 4253 502 4322 collocandam
522 4275 620 4334 esse,
647 4259 723 4344 quia
749 4257 835 4324 haec
857 4257 932 4324 sola
953 4257 1055 4326 habet
1075 4283 1152 4346 pro·
1203 4261 1252 4325 rei
1279 4257 1434 4344 publicae
1462 4256 1577 4340 utiles,
1604 4256 1659 4326 vel
1685 4261 1895 4326 continentes
1922 4260 2054 4344 priuata
2074 4279 2181 4326 esem·

170 4341 363 4407 missionem
385 4340 459 4407 Dei.
503 4342 635 4408 Scimus
658 4342 766 4409 soiius
789 4342 913 4410 Christi
940 4348 1057 4413 merita
1077 4369 1151 4433 pro
1202 4344 1269 4432 pla,
1292 4365 1430 4432 quarum
1445 4349 1498 4424 ω)
1521 4348 1802 4424 commemoratio,
1825 4357 1894 4410 tum
1914 4346 1958 4412 ad
1980 4342 2081 4410 fidem
2103 4362 2181 4411 con·

171 4427 380 4511 piciationsm
408 4448 470 4512 pro
496 4429 595 4493 nobis
624 4448 714 4494 esse.
733 4456 743 4475 ν
762 4429 906 4514 Propter
932 4430 1058 4498 Christi
1085 4455 1151 4499 me·
1201 4431 1414 4509 firmandam,
1442 4441 1511 4497 tum
1533 4432 1576 4497 ad
1602 4432 1822 4496 imituciaueru
1843 4432 1877 4496 in
1898 4433 2001 4498 rebus
2071 4430 2181 4497 rendb

171 4512 236 4576 rita
262 4525 454 4598 reputamur
482 4514 575 4593 iusti,
604 4535 679 4581 cum
702 4516 868 4580 credimus
895 4517 930 4580 in
952 4536 1043 4597 eum,
1063 4520 1151 4585 sicut
1201 4515 1340 4584 multum
1368 4518 1586 4596 conduceret,
1616 4515 1680 4581 has
1711 4535 1880 4586 neruosa
1912 4517 2002 4583 veris
2025 4450 2182 4605 historiis

170 4604 283 4661 textus
303 4600 359 4664 ait
405 4598 533 4666 Omnes
554 4599 611 4686 qui
632 4600 803 4668 confidunt
823 4603 857 4667 in
875 4622 962 4683 aum,
982 4624 1051 4670 nou
1070 4625 1150 4671 con·

1200 4811 1248 4877 id)
1264 4810 1324 4862 Nee
1342 4818 1382 4860 est
1398 4808 1581 4861 confidendum
1600 4836 1632 4848 -
1651 4808 1744 4858 hastae
1760 4808 1879 4873 uirginis,
1907 4809 1989 4861 udos
2008 4810 2106 4862 s-sz
2128 4808 2186 4863 Ues

171 4919 221 4989 ιο)
239 4920 405 4990 mum]
422 4924 473 4975 Μ
492 4925 516 4976 3⁸
534 4931 586 4994 ,w
606 4940 671 4978 m
688 4927 827 4991 iculum,
1264 4879 1437 4930 iustificantur
1452 4878 1549 4930 fiducia
1566 4879 1719 4931 meritorum
1735 4875 1769 4929 Β.
1786 4877 1864 4944 Virq‘
1905 4912 1915 4940 ,

429 5008 436 5021 .
621 5007 624 5013 .
1063 5017 1070 5032 ‚
1200 4963 1248 5031 29)
1266 4963 1354 5031 plane}
1372 4965 1421 5015 Ed.
1438 4965 1479 5016 ³.=
1496 4966 1591 5031 planae

171 5007 220 5076 '²’
238 5007 323 5128 ‘iiii
334 5010 912 5134 'iiiiii”i¹iii'istnniddi
924 5016 1150 5137 ‘iiiiiiiii
1200 5049 1249 5118 ³⁰)
1266 5048 1333 5118 ω’]
1352 5050 1434 5102 ³⁶³³·
1452 5052 1547 5102 ²·⁴·²
1565 5055 1626 5115 ⁸⁹⁶·

240 5147 309 5206 cari,
329 5160 386 5195 uon
403 5145 500 5197 adacta
519 5151 671 5201 meritorum
690 5149 724 5202 Β.
748 5150 813 5217 (iia
831 5155 872 5204 aa
894 5151 1007 5221 Beatus)
1029 5155 1150 5221 Virginis
1199 5138 1248 5201 31)
1265 5136 1359 5202 ΨΜ]
1376 5135 1426 5186 Ed·
1444 5136 1469 5188 ³·
1487 5136 1563 5187 ΜΨ
1582 5136 1665 5201 lim

239 5222 286 5265 aut
301 5214 413 5266 rherum
429 5221 586 5269 mecm.
1200 5222 1248 5288 bi)
1265 5219 1384 5290 quarum]
1401 5221 1451 5272 Ed
1470 5224 1512 5271 a:
1529 5235 1640 5288 quorun
