4702 6030
185 328 267 391 m
2144 322 2212 387 XX

280 531 374 607 Quoil
392 529 471 591 tiles
489 526 694 589 inchristnm
713 527 881 591 iustificat.
930 579 936 590 .
971 548 1000 610 p.
1024 530 1086 589 438
1103 544 1175 607 equ.
1270 525 1320 589 Dc
1339 534 1468 607 unaque
1485 528 1594 606 specle
1611 545 1727 589 coense
1743 525 1867 589 Domini
1909 578 1915 591 .
1963 579 1970 592 .
2004 548 2037 610 p.
2060 532 2123 592 535
2139 548 2191 611 sq.

281 615 374 692 Quod
402 615 616 676 remissionem
647 622 842 695 peccatorum
870 611 940 675 sola
1271 636 1322 698 ῃ,
1340 639 1481 717 conjugio
1499 638 1691 701 „comtum
1747 690 1971 703 ·····
1994 676 2037 690 ,,
2062 644 2207 722 5973qq·

324 702 384 764 lide
401 703 432 763 in
450 697 608 762 Christum
627 718 880 779 consequamur.
929 736 1001 764 .-
1027 702 1089 759 440
1112 734 1153 745 -
1375 750 1383 767 ,

237 788 287 851 De
310 787 473 849 dilectione
491 792 522 846 et
540 783 716 866 impletione
733 784 816 864 legis
874 835 881 847 .
929 823 1003 848 .—
1026 789 1087 845 447
1113 820 1151 831 -
1272 747 1321 810 ⁰²
1338 747 1441 810 ΜΝ*
1475 792 1971 815 ··········
1995 786 2038 798 ““”
2061 754 2123 814 ⁶⁰⁸
2146 786 2188 798 “’

237 874 417 953 Responsio
440 872 479 933 ad
502 877 679 952 argumenta
700 870 939 933 adversariorum
961 904 1003 918 -
1027 873 1088 932 459
1113 904 1151 917 -
1317 867 1402 943 Quid
1418 869 1461 930 sit
1481 869 1680 941 ucrifiomm,
1698 877 1731 932 at
1747 872 1907 951 quse-sint
1923 892 1972 933 ss·

237 959 287 1021 De
305 957 450 1023 Ecclesia
497 1001 938 1021 .........
963 992 1004 1005 -
1028 956 1091 1017 534
1114 990 1154 1002 -
1360 954 1463 1016 criticii
1481 956 1608 1038 species
1638 1005 1972 1023 .......
1997 992 2039 1005 -
2062 960 2125 1020 610
2147 995 2191 1005 -

238 1044 288 1107 De
306 1046 499 1126 poenitencia
549 1092 937 1106 ........
960 1079 1004 1090 -
1027 1044 1088 1102 537
1112 1071 1156 1083 -
1316 1039 1400 1113 Quid
1417 1048 1521 1121 patres
1543 1040 1584 1103 (le
1605 1041 1756 1103 semiieio
1773 1042 1929 1105 senserint
1964 1078 2038 1109 .—
2062 1046 2135 1106 630.
2329 1122 2332 1127 .

238 1129 287 1192 De
306 1130 504 1192 consessione
522 1137 554 1191 et
570 1127 782 1189 satisfactione
821 1177 828 1190 .
877 1178 882 1189 .
931 1164 1004 1191 .—-
1027 1128 1089 1188 553
1112 1162 1155 1172 -
1316 1124 1366 1187 Do
1383 1145 1444 1187 usu
1464 1129 1665 1199 sacramenti,
1687 1134 1719 1191 et
1735 1129 1776 1190 de
1797 1129 1947 1192 samificio
1970 1180 1977 1194 .
2000 1166 2042 1179 -
2064 1133 2128 1192 630
2139 1150 2213 1212 sqq.

238 1214 288 1278 Da
306 1235 430 1276 numero
453 1222 485 1277 et
501 1234 562 1276 usu
578 1222 835 1276 sacramentorum
877 1264 883 1276 .
931 1248 1004 1276 .-
1028 1214 1089 1273 569
1114 1247 1155 1259 -
1316 1209 1367 1273 De
1384 1211 1543 1275 vocabulis
1566 1212 1686 1275 Missae
1748 1264 1972 1280 .....
1995 1251 2037 1265 -
2061 1217 2122 1277 633
2148 1253 2191 1265 -

238 1298 288 1363 De
306 1301 518 1363 traditionibus
540 1300 681 1361 humanis
700 1301 730 1360 in
747 1297 893 1361 Ecclesia
932 1334 1003 1358 .-
1028 1300 1154 1359 573-
1272 1297 1322 1359 De
1340 1299 1422 1359 votis
1439 1300 1619 1362 monasticis
1639 1344 1971 1366 .......
1996 1336 2038 1351 -
2062 1303 2122 1364 657
2148 1337 2191 1348 -

236 1384 288 1449 lle
306 1389 498 1449 invocatione
515 1394 688 1449 sauctorum
714 1434 938 1448 .....
964 1419 1001 1432 ...
1028 1384 1087 1445 587
1113 1419 1153 1429 -
1272 1381 1322 1445 De
1339 1391 1495 1465 potestate
1511 1384 1725 1449 ecclesiastica
1748 1430 1972 1452 .....
1996 1422 2038 1436 -
2062 1391 2124 1449 640
2148 1422 2193 1435 -
