4702 6030
166 377 234 448 hid
518 315 564 444 ll:
601 376 835 445 scotoma
855 373 1177 448 CONFESSIONlS
1196 374 1518 446 AUGUSTANAR.
1559 377 1602 446 B.
1645 377 1837 449 ALTERA.
2115 382 2184 454 tm
2260 407 2265 419 ·

168 568 332 636 debemus
369 567 561 652 approbare
593 566 753 633 seniciam
785 565 944 648 istomm,
977 569 1034 658 qui
1061 569 1150 634 hanc
1201 565 1374 633 iustificari
1395 565 1478 646 fide,
1508 587 1584 633 cum
1607 569 1748 635 credunt
1773 588 1812 635 se
1832 515 1959 637 habere
1979 568 2090 637 Deum
2111 570 2185 659 pls·
2266 616 2270 621 -

167 656 354 722 doctrinam
372 664 629 738 persequuntur.
661 651 903 718 litEcclesiam
925 674 1005 720 esse
1025 656 1150 720 scimus
1202 662 1330 732 catum,
1356 673 1425 719 nou
1445 666 1582 740 propter
1603 667 1720 721 nostra
1741 675 1862 740 opera,
1889 659 1953 723 sed
1979 659 2086 744 gretie
2106 679 2185 744 pro·

166 744 256 828 apud
279 740 363 818 hos,
392 741 447 824 qui
469 743 607 806 verbum
629 737 696 804 Dei
718 752 812 803 recte
833 739 973 821 docent,
1001 753 1036 808 et
1056 753 1150 807 recte
1201 750 1276 824 pter
1297 736 1476 805 Christum.
1520 739 1617 807 lianc
1640 754 1767 807 certum
1789 753 1843 806 est
1862 741 1958 809 Euan
1983 741 2039 830 elij
2062 744 2183 812 doctri·

165 828 399 894 administrant
420 838 647 903 sacramenta,
680 845 748 891 non
771 826 859 910 apud
881 824 976 911 illos,
999 829 1054 914 qui
1075 848 1149 894 ver·
1202 846 1277 890 narn
1311 845 1407 905 esse,
1440 827 1517 910 quia
1547 825 1672 893 Paulus
1707 825 1801 893 clare
1827 827 1907 894 dicit
1932 765 1982 895 ad
2000 829 2122 914 Ephes.
2145 831 2182 919 ij.

166 915 246 980 bum
268 909 333 976 Dei
355 932 422 975 non
450 910 560 975 solum
583 912 701 977 edictis
730 908 842 976 delere
872 926 1054 993 conantur,
1086 913 1149 977 sed
1202 911 1318 976 Gratis
1340 910 1462 977 salnati
1484 912 1567 977 estis
1596 933 1657 997 per
1685 912 1801 994 fidem,
1826 925 1859 979 et
1881 916 1947 982 hoc
1968 934 2037 985 ncn
2059 936 2103 981 ex
2125 936 2182 983 vo-

167 999 268 1066 etiam
297 1009 391 1061 recta
418 1008 451 1061 et
472 1017 554 1062 vera
576 1000 736 1062 docentes
759 1000 925 1064 trucidant
946 1021 1028 1086 erga
1050 1019 1150 1085 quos,
1202 998 1268 1075 bis,
1291 996 1354 1061 Dei
1377 1000 1501 1064 donum
1519 1009 1583 1082 est,
1605 1020 1674 1064 non
1695 1021 1737 1065 ex
1758 998 1959 1068 hominihus.
2007 1001 2105 1066 Nunc
2125 1002 2183 1068 isti

169 1086 266 1150 etiarn
296 1083 405 1168 siquid
439 1095 557 1147 contra
586 1084 741 1148 Cariones
768 1080 909 1169 faciunt,
941 1098 1051 1151 tamen
1085 1085 1149 1168 ipsi
1202 1083 1317 1148 dicunt
1339 1085 1521 1167 promereri
1543 1083 1695 1150 homines
1717 1087 1947 1153 remissionem
1968 1099 2183 1171 peccatorum

168 1168 327 1236 Chaones
347 1170 503 1233 uriciores
524 1182 614 1234 sunt.
649 1169 757 1234 Porro
779 1167 834 1234 iric
856 1172 973 1236 iterum
993 1170 1149 1237 uolunrus
1201 1188 1261 1254 per
1293 1167 1356 1233 has
1390 1170 1645 1234 obseruationes
1677 1171 1851 1237 humanas.
1908 1172 1996 1245 Quid
2028 1173 2096 1239 hoc
2127 1184 2183 1239 est

134 1313 138 1319 .
167 1250 344 1334 tes'tatum,
375 1274 439 1319 nos
467 1252 609 1319 libenter
634 1268 897 1320 conseruaturos
925 1278 1003 1322 esse
1031 1254 1149 1322 Eccle·
1201 1253 1292 1320 aliud
1315 1276 1413 1340 quam
1435 1266 1570 1340 praeter
1592 1254 1773 1332 Christum,
1785 1257 1897 1323 alium
1918 1258 2182 1338 iustificatorem

168 1343 338 1407 siasticam
361 1353 394 1404 et
412 1339 613 1406 Canonicam
637 1339 796 1424 politiam,
818 1343 848 1405 si
870 1346 969 1408 modo
992 1344 1148 1429 Episcopi
1180 1339 1302 1405 'alium
1331 1342 1543 1406 mediatorem
1573 1343 1799 1409 constituere?
1847 1342 1973 1410 Paulus
2000 1346 2106 1431 inquit
2137 1344 2183 1410 ad

168 1428 322 1494 desinant
344 1427 375 1490 in
397 1441 533 1491 nostras
558 1425 728 1492 Ecclesias
750 1428 871 1493 seuire.
917 1431 1009 1494 llaec
1031 1441 1149 1493 nostra
1201 1424 1350 1491 Galatas.
1394 1426 1556 1492 Euacueti
1578 1430 1659 1492 estis
1681 1449 1703 1494 a
1724 1427 1873 1509 Christo,
1894 1431 1950 1515 qui
1968 1429 2045 1517 lege
2065 1429 2182 1496 iustifi-

167 1513 326 1579 voluntas
348 1525 381 1576 ct
404 1533 516 1577 coram
538 1511 625 1590 Deo,
647 1525 682 1578 et
702 1515 791 1597 apud
814 1534 931 1580 ornnes
954 1528 1085 1602 gentes,
1105 1515 1147 1578 ed
1201 1514 1332 1590 camini,
1355 1513 1387 1576 id
1412 1525 1476 1592 est,
1498 1514 1536 1580 Si
1557 1515 1687 1579 sentitis
1715 1536 1780 1579 uos
1802 1518 1922 1580 mereri
1944 1517 2183 1582 obseruatione

169 1618 298 1682 omnem
320 1601 547 1683 posteritatem
570 1601 906 1678 excusatissimus
929 1603 1027 1665 nobis
1044 1603 1148 1686 impu·
1200 1596 1300 1683 legis,
1323 1609 1359 1662 vt
1376 1598 1454 1662 iusti
1477 1597 1677 1665 coramDeo
1700 1602 1908 1685 reputemini,
1930 1601 2012 1667 nihil
2034 1604 2183 1688 proderit

167 1686 233 1751 tari
255 1686 378 1768 possit,
408 1686 498 1767 quod
520 1685 761 1769 Episcoporum
783 1688 946 1752 autoritas
967 1685 1149 1753 labefacta·
1200 1685 1299 1749 vobis
1333 1682 1507 1764 Christus,
1541 1687 1618 1770 quia
1651 1707 1812 1770 quorsum
1845 1707 1930 1773 opus
1963 1700 2017 1759 est
2045 1688 2182 1753 Christo

168 1782 240 1848 tur,
270 1771 327 1836 uhi
348 1767 489 1855 legerint
509 1782 611 1855 atquc
632 1772 797 1837 audierint
818 1771 987 1852 homines,
1014 1794 1078 1839 nos
1101 1775 1149 1836 in·
1200 1771 1286 1847 istis,
1309 1772 1363 1856 qui
1384 1771 1533 1835 sentiunt
1553 1791 1593 1835 se
1613 1773 1721 1838 iustos
1743 1792 1839 1852 esse,
1860 1793 1924 1840 sue
1945 1774 2182 1840 obseruatione

167 1857 287 1922 iustam
325 1859 482 1922 seniciam
516 1856 757 1943 Episcoporum
796 1859 1033 1943 deprecantes,
1065 1855 1148 1925 nihil
1199 1853 1308 1942 tegtst
1367 1853 1463 1921 Deus
1496 1859 1670 1942 proposuit
1702 1854 1889 1938 Christum,
1924 1862 2013 1945 quod
2044 1870 2183 1944 propter

168 1943 269 2028 aequi
291 1943 470 2027 impetrare
491 1944 654 2027 potuisse.
1022 1974 1025 1981 ·
1200 1942 1291 2008 huno
1311 1943 1536 2020 mediatorem,
1556 1963 1622 2007 non
1645 1955 1783 2029 propter
1803 1954 1939 2009 nostras
1956 1946 2106 2013 iusticias
2124 1965 2181 2010 re-

1200 2026 1239 2093 lit
1271 2029 1370 2093 nobis
1403 2047 1482 2094 esse
1510 2030 1692 2115 propicius.
1737 2030 1782 2094 At
1811 2030 1866 2094 isti
1894 2031 2040 2096 sentiunt
2073 2028 2183 2096 Deum

1201 2132 1281 2178 esse
1300 2111 1482 2199 placatum,
1503 2116 1686 2199 propicium
1697 2125 1835 2199 propter
1846 2116 2042 2182 traditiones
2064 2127 2098 2180 et
2113 2134 2182 2181 non

223 2197 287 2263 DE
327 2196 732 2263 TRADl'l'lONlBVS
774 2197 1002 2264 lthlANlS
1045 2199 1096 2262 IN
1200 2212 1339 2284 propter
1367 2198 1546 2265 Christum.
1592 2200 1751 2265 Adimunt
1776 2202 1879 2289 igitur
1907 2200 2041 2266 Christo
2074 2200 2183 2265 hono·

528 2284 590 2348 EC
598 2283 795 2348 CLESlA.
1201 2304 1272 2349 rem
1292 2286 1497 2351 mediatoris.
1540 2285 1614 2352 Nec
1640 2287 1779 2352 interest
1808 2287 1894 2351 inter
1922 2299 2060 2354 nostras
2081 2286 2183 2352 tradi·

522 2441 525 2447 ,
1201 2371 1310 2436 tiones
1332 2384 1364 2437 et
1384 2371 1554 2438 blosaieas
1577 2373 1801 2449 ceremonias,
1828 2373 1918 2457 quod
1936 2376 1980 2439 sd
2001 2373 2091 2438 hanc
2111 2392 2183 2438 rem

177 2484 180 2489 ·
255 2456 292 2521 ln
314 2454 467 2522 Articulo
488 2453 563 2521 XV.
592 2458 756 2540 recipiunt
787 2458 927 2543 primam
948 2468 1094 2541 partem,
1115 2459 1149 2523 in
1200 2459 1327 2522 attinet.
1372 2455 1498 2524 Paulus
1520 2459 1596 2522 ideo
1618 2459 1754 2523 damnat
1774 2456 1944 2524 ltlosaicas
1963 2459 2183 2539 ceremonias,

168 2560 236 2628 qua
258 2542 398 2606 dicimus
420 2544 652 2607 obseruandos
675 2563 753 2608 esse
773 2545 859 2608 ritus
877 2541 1151 2622 Ecclesiasticus,
1201 2542 1289 2606 sicut
1312 2544 1512 2607 traditiones
1534 2543 1686 2621 damnat,
1707 2545 1785 2627 quia
1807 2545 2083 2610 existimabantur
2105 2560 2184 2610 esse

169 2631 225 2735 qul
249 2630 323 2692 sine
342 2639 485 2713 peccato
508 2630 681 2694 obseruari
703 2640 859 2715 possunt,
881 2642 915 2694 et
937 2626 1150 2714 adtrauquil·
1200 2647 1303 2711 opere
1325 2648 1412 2712 quae
1431 2638 1638 2692 mererentur
1670 2629 1836 2693 iusticiam
1859 2650 1973 2694 coram
2000 2629 2089 2696 Deo.
2134 2629 2184 2696 lta

167 2713 296 2781 litatem
328 2726 362 2777 et
397 2714 519 2778 bonum
551 2716 702 2785 ordinem
737 2717 771 2780 in
804 2712 958 2780 Ecclesia
996 2727 1148 2800 prosunt.
1200 2715 1448 2779 obscurabatur
1458 2711 1605 2777 cilicium
1617 2711 1741 2779 Christi
1754 2725 1787 2778 et
1803 2714 1936 2781 iusticia
1945 2714 2034 2783 fidei.
2069 2714 2184 2789 Quare

167 2798 318 2868 Alteram
339 2810 469 2882 partem
497 2804 633 2866 omnino
654 2803 828 2882 damnant,
861 2803 893 2867 in
917 2821 984 2886 que
1005 2802 1146 2866 dicimus
1200 2808 1329 2863 remota
1351 2796 1440 2886 lege,
1463 2801 1599 2863 remotis
1617 2800 1861 2878 traditionibus,
1883 2801 2069 2881 contendit,
2092 2800 2183 2888 qaod

168 2888 365 2952 traditiones
388 2882 551 2951 hartranas
573 2889 740 2953 institutes
762 2889 803 2953 ad
816 2885 1014 2973 placandum
1026 2886 1149 2965 Deam,
1200 2903 1268 2950 non
1290 2897 1428 2969 propter
1449 2885 1515 2951 ista
1537 2905 1652 2970 opera,
1674 2886 1736 2950 sed
1757 2898 1897 2971 propter
1915 2883 2084 2951 Christum
2105 2908 2183 2973 gra·

167 2973 211 3037 ad
244 2972 498 3057 promerendam
534 2976 692 3060 gratiam,
726 2987 759 3039 et
789 2972 1063 3039 satisfaciendum
1085 2995 1147 3059 pro
1199 2973 1242 3036 tis
1256 2973 1422 3055 promissa
1444 2973 1487 3036 sit
1507 2970 1662 3035 remissio
1681 2982 1911 3057 peccatorum,
1931 2974 2033 3037 modo
2055 2982 2093 3037 rt
2113 2971 2183 3039 lide

167 3058 317 3145 peccatis
343 3057 516 3122 aduersari
541 3057 734 3143 Euangelio.
779 3060 976 3146 Quanquam
1009 3059 1042 3124 in
1075 3062 1150 3143 ipsa
1199 3058 1403 3143 accipiamus
1435 3076 1519 3122 eam.
1579 3056 1666 3122 Nam
1697 3058 1876 3142 promissio
1908 3077 1976 3123 non
2008 3057 2183 3142 accipitur,

169 3141 383 3209 confessione
415 3144 457 3207 de
497 3146 687 3212 discrimine
725 3147 895 3226 ciborum,
927 3145 1011 3210 satis
1044 3143 1149 3211 multa
1199 3145 1263 3206 nisi
1285 3141 1365 3210 fide.
1407 3140 1491 3208 Cum
1513 3142 1615 3229 igitur
1635 3142 1703 3208 fide
1723 3144 1929 3228 accipiemus
1948 3144 2181 3210 remissionem

168 3230 310 3296 diximus
333 3229 376 3292 de
399 3229 651 3309 traditionibus,
678 3243 787 3296 tamen
809 3230 865 3296 hic
887 3232 1050 3318 quaedam
1072 3233 1148 3296 bre·
1198 3241 1432 3314 peccatorum,
1462 3248 1537 3293 cum
1557 3227 1626 3293 fide
1647 3227 1831 3294 habeamus
1851 3228 2037 3314 propicium
2059 3227 2183 3310 Deum,

159 3316 254 3385 uiter
275 3313 456 3396 repetenda
477 3328 566 3380 sunt.
599 3315 706 3383 Etiam
723 3319 752 3380 si
764 3319 1069 3394 arbitrabamur⁸⁰)
1090 3316 1148 3381 ad·
1198 3324 1334 3400 propter
1346 3312 1527 3393 Christum,
1549 3332 1645 3378 error
1666 3327 1700 3380 et
1719 3317 1870 3398 impletas
1894 3327 1948 3381 est
1965 3316 2182 3396 constituere,
2276 3364 2289 3393 ,

166 3400 350 3484 uersarios‚
375 3417 418 3464 ex
439 3399 516 3486 alijs¹
540 3404 654 3467 causis
683 3403 881 3468 defensuros
904 3423 981 3468 esse
1002 3402 1148 3468 traditio·
1199 3401 1289 3486 quod
1310 3420 1371 3485 per
1390 3399 1454 3466 has
1475 3401 1732 3466 obseruationes
1752 3403 2193 3467 mereemurremissionem

166 3507 229 3554 ues
251 3485 433 3564 humanas,
458 3498 567 3552 tamen
594 3487 661 3554 hoo
686 3508 753 3554 aon
775 3489 963 3570 putauimus
990 3487 1148 3568 futurum,
1198 3497 1425 3573 peccatorum.
1470 3487 1583 3573 Siquis
1610 3484 1667 3551 hic
1695 3487 1784 3551 dicat
1810 3506 1880 3552 nou
1900 3488 2022 3552 mereri
2042 3507 2108 3552 nos
2128 3506 2181 3552 re·

167 3584 205 3639 vt
225 3574 315 3636 hunc
337 3569 511 3638 articulum
534 3575 747 3653 damnarent,
769 3574 847 3641 Non
869 3577 988 3640 mereri
1011 3596 1074 3639 nos
1095 3595 1148 3639 re·
1170 3546 1176 3641 l
1199 3572 1391 3637 missionem
1401 3584 1624 3658 peccatorum,
1645 3572 1707 3637 sed
1728 3573 1793 3637 iem
1814 3570 2025 3651 iustificatos,
2045 3566 2181 3659 perhai

167 3659 361 3724 missionem
389 3671 622 3741 peccatorum,
649 3672 706 3726 aut
728 3661 888 3747 gratiam,
911 3662 1149 3726 obseruatione
1171 3644 1177 3761 l
1200 3659 1395 3724 traditiones
1427 3660 1545 3723 mereri
1575 3659 1727 3745 gratiam.
1776 3658 1839 3724 llic
1872 3659 1990 3723 iterum
2018 3656 2180 3724 reclamat

167 3745 379 3810 traditionum
401 3744 628 3811 humanarum.
667 3746 850 3831 Postquam
870 3748 971 3833 igitur
991 3748 1047 3813 hic
1068 3749 1148 3812 erti-
1199 3740 1342 3823 Paulus,
1372 3742 1542 3811 Christum
1563 3745 1693 3829 peccati
1721 3744 1905 3810 ministrum
1927 3742 2014 3823 fore,
2047 3744 2181 3828 sipost

167 3828 264 3909 culus
287 3830 461 3893 &sarnatus
483 3843 547 3909 cst,
570 3829 701 3897 facilem
723 3845 757 3897 ct
777 3829 909 3915 planam
932 3853 1069 3897 causam
1090 3832 1149 3897 ha·
1199 3830 1465 3895 iustificationem
1499 3831 1707 3896 sentiendum
1739 3832 1802 3910 sit,
1836 3830 1927 3916 quod
1960 3830 2081 3896 deinde
2110 3848 2179 3896 non

85 3974 91 3987 ,
167 3916 298 3981 bertius.
341 3914 439 3979 Nunc
465 3927 580 4019 aperte
609 3919 778 3980 latinizant
800 3919 1005 4000 aduersarii,
1034 3931 1149 4002 aperte
1200 3930 1338 3999 propter
1360 3915 1529 3981 Christum
1552 3917 1630 3981 iusti
1652 3929 1854 4001 reputemur,
1876 3917 1937 3981 sed
1959 3916 2179 4001 primanus

167 4003 313 4068 obruunt
335 3999 552 4086 Euangelmm
575 4003 735 4066 doctrinis
753 4001 1011 4066 daemoniorum.
1054 4002 1149 4067 'lunc
1199 4002 1266 4063 reri
1288 4000 1470 4065 debeamus
1492 4021 1554 4085 per
1575 3999 1660 4064 alias
1683 4005 1951 4080 obseruationes,
1971 4014 2007 4066 vt
2026 4001 2105 4068 iusti
2126 4021 2179 4068 re·

169 4089 257 4154 enim
278 4086 445 4170 scriptura
466 4098 568 4152 vocat
588 4088 802 4165 traditiones,
827 4088 997 4152 doctrinas
1019 4089 1148 4153 daemo·
1199 4098 1360 4168 putemur.
1405 4085 1501 4164 ltem,
1528 4083 1671 4150 hominis
1689 4099 1889 4152 testamento
1916 4084 1998 4151 nihil
2021 4088 2099 4151 addi
2121 4086 2178 4152 de·

168 4175 310 4249 nicrum,
332 4173 466 4257 quando
489 4174 642 4251 docetur,
665 4173 753 4258 quod
776 4174 842 4236 siut
861 4171 972 4238 cultus
984 4171 1082 4238 utiles
1105 4175 1147 4238 ad
1200 4171 1266 4233 bet.
1290 4169 1402 4256 ,Ergo
1419 4191 1484 4235 uec
1507 4170 1569 4236 Dei
1592 4181 1805 4251 testamento,
1828 4174 1884 4259 qui
1906 4173 2066 4257 promittit
2088 4172 2176 4258 quod

190 4260 419 4323 romerendam
449 4261 677 4324 remissionem
700 4272 912 4342 pcccatorum
935 4271 968 4323 et
995 4262 1147 4347 gratiam.
1197 4268 1336 4343 propter
1357 4257 1529 4323 Christum
1557 4258 1726 4342 propicius
1754 4260 1852 4323 nobis
1874 4276 1954 4322 esse
1974 4255 2072 4336 velit,
2100 4257 2178 4324 eddi

167 4279 262 4411 lunc
283 4346 369 4409 enim
393 4346 577 4409 obscurant
593 4343 824 4432 Euangelium‚
846 4345 1043 4411 beneficium
1056 4345 1148 4411 Chri·
1198 4343 1308 4421 debet,
1330 4344 1419 4428 quod
1441 4345 1581 4428 primum
1611 4364 1671 4427 per
1698 4342 1760 4407 has
1783 4345 2037 4410 obseruationes
2060 4345 2178 4411 debea-

166 4432 222 4510 sti,
244 4442 277 4494 et
299 4430 463 4496 iusticiam
485 4432 573 4496 fidei.
617 4427 838 4518 Euangelium
868 4433 967 4497 docet
995 4453 1059 4497 nos
1081 4433 1148 4497 lide
1197 4449 1271 4494 mas
1290 4430 1422 4509 mereri,
1443 4440 1479 4493 vt
1501 4430 1631 4515 accepti
1655 4441 1687 4493 et
1709 4429 1787 4494 iusti
1809 4442 2011 4515 reputemur.

166 4527 303 4602 propter
322 4515 492 4580 Christum
516 4517 622 4602 gratis
645 4520 800 4602 accipere
820 4520 1049 4583 remissionem
1071 4539 1146 4603 pec
1284 4513 1479 4601 Quanquam
1508 4516 1585 4600 quid
1615 4534 1699 4601 opus
1729 4526 1781 4579 est
1807 4514 1910 4603 longa
1935 4516 2176 4599 disputacione·

167 4615 319 4669 cetorum
349 4615 383 4665 et
415 4601 624 4666 reconciliari
652 4601 739 4669 Deo.
795 4604 993 4688 Aduersarij
1027 4617 1147 4670 contra
1195 4598 1296 4667 Nulla
1318 4603 1450 4666 traditio
1478 4620 1500 4667 e
1528 4603 1655 4666 sanctis
1677 4598 1832 4667 Patribus
1859 4590 1928 4666 hoc
1956 4597 2099 4667 consilio
2128 4602 2176 4666 in·

166 4685 266 4755 alium
288 4689 502 4754 mediatorem
525 4690 741 4764 constituunt,
764 4686 892 4754 scilicet
913 4691 976 4756 has
1000 4691 1146 4755 traditio·
1197 4690 1313 4753 stituta
1345 4698 1415 4764 est,
1449 4698 1485 4752 vt
1511 4699 1680 4752 mereatur
1704 4690 1932 4752 remissionem
1960 4697 2176 4770 peccatorum

164 4794 239 4839 nes.
294 4773 437 4859 Propter
470 4775 533 4840 has
567 4773 682 4841 volunt
721 4779 883 4862 consequi
916 4778 1146 4842 remissionem
1196 4785 1256 4839 aut
1283 4774 1465 4850 iusticiam,
1498 4774 1560 4838 sed
1589 4785 1668 4838 sunt
1696 4773 1862 4838 institutae
1887 4784 2025 4858 propter
2052 4774 2176 4838 bonum

118 4936 120 4940 Α
164 4869 400 4945 peccatorum,
420 4880 481 4942 per
502 4861 565 4925 has
584 4860 701 4927 volunt
718 4860 855 4945 placare
877 4863 959 4928 iram
982 4862 1057 4928 Dei.
1101 4863 1147 4927 At
1196 4861 1345 4925 ordinem
1367 4861 1401 4923 in
1423 4855 1595 4928 Ecclesia,
1617 4872 1651 4922 ct
1673 4873 1809 4942 propter
1832 4855 2112 4944 tranquillitatem,
2132 4856 2176 4924 lit

165 4944 321 5011 Christus
342 4960 457 5030 aperte
478 4946 567 5013 dicit.
598 4942 748 5014 vFrustra
771 4947 887 5013 colunt
909 4968 963 5013 me
979 4949 1145 5014 mandatis
1197 4957 1234 5012 vt
1256 4942 1336 5010 velit
1357 4940 1479 5029 aliquis
1500 4946 1673 5009 instituere
1695 4955 1789 5009 certa
1810 4964 1915 5028 opera
1931 4945 2175 5028 adpromeren·

164 5029 343 5099 hominum.
400 5032 510 5119 Supra
543 5034 681 5117 copiose
713 5035 954 5120 disputauimus
982 5035 1146 5113 ,homines
1197 5034 1272 5098 darn
1301 5032 1532 5095 remissionem
1561 5041 1775 5114 peccatorum
1803 5041 1859 5094 aut
1881 5030 2064 5106 iusticiam,
2092 5047 2174 5113 quo·

410 5162 416 5171 ·
1196 5119 1297 5184 modo
1319 5119 1404 5182 sciet
1424 5113 1482 5180 illa
1504 5136 1605 5202 opera
1618 5114 1694 5179 Deo
1707 5111 1852 5201 placere,
1875 5134 1949 5180 cum
1971 5134 2039 5179 aon
2052 5114 2176 5180 habeat

1196 5207 1417 5271 testinnonium
1440 5202 1534 5268 serbi
1556 5201 1642 5267 Dei?
1664 5204 1832 5289 quomodo
1854 5201 1897 5267 de
1918 5198 2092 5267 voluntate
2107 5197 2174 5267 bet

166 5306 735 5376 eo)ctttnurmur]1tus.:cbturnur
1198 5303 1310 5360 certos
1347 5289 1465 5356 reddet
1502 5288 1674 5373 homines,
1709 5290 1782 5354 sine
1813 5286 1970 5391 mehdato
2001 5295 2038 5353 et
2068 5285 2174 5355 verbo
