4702 6030
1368 102 1386 137 'lo

89 290 105 391 ,⁴
142 332 212 402 aaa
595 329 1701 407 remman.sizaramooonamcaarsrauomoa,
2094 332 2164 402 no

147 523 471 609 concupiscentiam,
492 542 559 589 non
582 534 707 589 tantum
729 534 826 587 actus
848 541 909 587 seu
930 519 1059 587 tructus
1080 521 1129 585 in·
1179 522 1253 588 ciat
1298 520 1467 595 Quorsum
1489 540 1576 606 opus
1604 523 1665 588 erit
1694 521 1814 588 siritu
1839 532 1976 601 sancto,
2010 523 2040 587 si
2069 523 2163 589 vires

146 607 343 696 telligimtrs,
365 611 428 675 sed
449 620 643 694 perpetuam
664 620 804 673 naturae
825 605 1083 673 inclinationem.
1177 608 1341 673 humanae
1362 627 1422 693 per
1443 626 1521 672 sese
1541 619 1684 693 possunt
1744 629 1819 673 eum
1846 609 2085 692 superomnia
2114 609 2162 674 di·

236 694 306 761 Sed
333 706 451 779 postea
481 694 697 759 ostendemus
729 691 882 776 pluribus
909 694 1040 766 verbis,
1069 711 1129 754 no·
1178 690 1304 780 ligere,
1325 704 1360 759 et
1380 704 1560 777 praecepta
1581 693 1647 758 Dei
1673 692 1808 759 facere?
1851 692 1933 767 Quis
1961 714 2030 761 uon
2059 694 2164 776 videt,

149 792 253 847 stram
275 781 532 864 descriptionem
554 780 745 847 consentire
766 798 841 843 cum
863 778 982 843 vsitata
1009 797 1051 841 ac
1072 796 1128 842 ve·
1178 799 1277 865 quarn
1309 790 1528 865 praepostera
1561 782 1707 845 sentiant
1738 779 1946 867 aduersariji
1999 779 2163 847 Leuiores

150 868 214 933 teri
231 866 445 971 delinitione.
501 863 602 930 Prius
640 866 741 968 enim·
765 860 941 930 consilium
976 875 1128 970 npstrum
1178 866 1315 931 morbos
1350 866 1384 929 in
1415 874 1536 928 natura
1569 862 1713 930 hominis
1744 875 1953 969 agposcant,
1986 867 2164 972 grauiores

148 949 880 1122 tttttlbntntttit‘a,bittit?
893 952 1040 1101 sitit
1061 947 1129 1101 lt.
1151 962 1155 1119 l
1178 953 1420 1102 {illidii}
1442 952 1876 1118 tttttttt‘tttttttt
1898 954 2165 1142 ,ililrlblili

149 1120 267 1189 teriale
288 1130 339 1202 (vt
359 1128 497 1196 vocant)
519 1123 650 1205 peccati
671 1119 845 1207 originalis
868 1139 946 1186 esse
969 1120 1128 1204 concupi·
1151 1128 1155 1209 t
1179 1134 1374 1207 queruntur,
1394 1116 1561 1199 videlicet,
1584 1123 1627 1186 de
1649 1058 1778 1187 carnali
1798 1135 1995 1203 securitate,
2017 1123 2059 1189 de
2082 1142 2165 1191 con·

149 1210 330 1287 scentiam,
347 1227 450 1292 quare
470 1210 505 1272 io
527 1207 715 1273 definiendo
736 1227 805 1273 non
827 1205 889 1270 luit
913 1219 1129 1291 praetereun-
1152 1215 1155 1279 Ι
1179 1219 1304 1292 temptu
1325 1207 1407 1283 Dei,
1426 1205 1468 1270 de
1486 1207 1563 1272 odio
1586 1207 1669 1286 Dei,
1697 1220 1730 1272 et
1752 1206 1914 1273 similibus
1937 1209 2028 1294 vitijs
2048 1210 2164 1274 nobis-

150 1294 210 1370 da,
237 1293 433 1377 praesertim
459 1291 526 1358 hoc
549 1305 714 1378 tempore,
743 1313 818 1359 cum
841 1292 884 1357 de
910 1310 951 1355 ea
979 1287 1129 1357 nonnulli
1151 1300 1155 1363 i
1180 1314 1254 1358 cam
1276 1293 1385 1371 natis,
1406 1290 1477 1355 Sed
1498 1305 1675 1378 postquam
1698 1288 1893 1359 scholastici
1915 1296 2166 1361 admiscuerunt

150 1398 265 1463 parum
288 1376 445 1464 religiose
466 1375 757 1463 philosophantur.
1151 1375 1157 1449 ⁸.
1180 1379 1350 1444 doctrinae
1373 1374 1599 1455 Christianae,
1623 1375 1872 1464 Philosophiam
1894 1381 1936 1445 da
1957 1378 2165 1463 perfectione

163 1515 168 1521 .
238 1462 378 1537 Quidem
401 1465 487 1529 euim
511 1464 692 1549 disputant,
713 1474 889 1547 peccatum
900 1462 1040 1548 originis
1060 1482 1129 1526 non
1152 1456 1157 1529 l
1179 1475 1327 1535 naturae,
1349 1476 1384 1529 et
1405 1459 1598 1547 plusquam
1620 1466 1703 1539 satis
1724 1477 1816 1543 erat,
1837 1463 1946 1531 libero
1967 1468 2107 1532 arbitrio
2130 1477 2166 1532 et

151 1568 229 1614 esse
251 1548 386 1635 aliquod
414 1550 449 1613 in
478 1549 766 1615 naturabomints
793 1549 936 1626 molum,
965 1568 1029 1613 seu
1057 1567 1130 1611 cor·
1152 1536 1157 1676 j
1180 1549 1313 1615 actibus
1342 1545 1464 1613 elicitis
1478 1551 1511 1623 ⁹)
1545 1549 1748 1629 tribuerunt,
1775 1563 1809 1616 at
1834 1551 1986 1617 homines
2014 1548 2165 1639 philoso-

150 1636 350 1720 ruptionem,
367 1636 429 1701 sed
450 1645 576 1700 tantum
599 1635 805 1711 seruitutem,
827 1654 888 1698 seu
907 1634 1129 1698 conditionem
1180 1635 1280 1721 phica
1301 1654 1363 1697 seu
1385 1631 1474 1700 ciuili
1495 1635 1643 1714 iusticia,
1667 1657 1766 1721 quarn
1788 1648 1822 1702 et
1847 1657 1912 1702 nos
1939 1636 2085 1704 fatemur
2111 1657 2166 1703 ra·

150 1720 378 1798 mortalitatis,
402 1740 500 1804 quam
526 1720 704 1806 propagati
730 1739 773 1783 ex
794 1719 904 1785 Adam
933 1721 1130 1797 sustineant,
1153 1690 1157 1785 l
1181 1721 1264 1785 tioui
1285 1720 1470 1786 subiectam
1493 1739 1590 1798 essa,
1617 1732 1652 1786 at
1671 1719 1784 1806 aliquo
1806 1723 1907 1788 modo
1933 1723 1967 1787 in
1995 1733 2166 1808 potestate

150 1808 224 1870 sine
247 1803 360 1889 aliquo
382 1805 517 1889 proprio
540 1807 639 1884 vicio,
661 1816 798 1888 propter
819 1803 964 1869 alienam
987 1800 1129 1886 culpam.
1152 1792 1157 1891 l
1180 1817 1296 1871 nostra
1319 1824 1417 1882 esse,
1437 1805 1611 1871 iustificari
1633 1825 1746 1872 coram
1767 1806 1843 1872 Deo
1865 1807 2072 1888 docuerunt,
2094 1829 2165 1874 non

151 1890 328 1956 Praeterea
350 1891 487 1967 addunt,
510 1893 673 1957 neminem
696 1892 844 1954 damnari
866 1901 973 1954 morte
995 1901 1129 1954 aeterna
1152 1910 1158 1991 Ι
1180 1901 1359 1976 potuerunt
1369 1889 1483 1955 videre
1498 1892 1686 1956 interiorem
1695 1894 1936 1959 immundiciam
1949 1892 2163 1961 naturaeho·

149 1988 286 2062 propter
307 1987 481 2059 peccatum
510 1977 665 2062 originis,
698 1975 793 2040 Sicut
824 1995 865 2040 ex
895 1972 1019 2040 ancilla
1039 1976 1130 2040 sarai
1152 1994 1158 2064 j
1180 1977 1319 2054 minum,
1341 1976 1458 2061 Neque
1476 1977 1562 2041 enim
1584 1987 1697 2062 potest
1718 1979 1876 2058 iudicari,
1906 1979 2032 2046 nisiex
2055 1983 2163 2045 verbo

149 2072 344 2132 nascuntur,
368 2072 401 2126 et
422 2060 511 2125 hanc
533 2064 755 2127 conditionem
776 2063 850 2126 sine
870 2075 1011 2126 naturae
1027 2061 1129 2146 vitijs‚
1153 2070 1158 2107 ¹
1180 2062 1263 2140 Dei,
1292 2061 1384 2146 quod
1410 2058 1604 2128 scholastici
1634 2065 1668 2127 in
1690 2064 1762 2128 suis
1792 2065 2070 2149 disputationibus
2092 2086 2163 2131 non

150 2147 211 2211 sed
232 2161 370 2232 propter
390 2145 610 2212 calamitatem
634 2148 748 2211 matris
776 2147 957 2225 sustinent,
979 2145 1072 2223 Nos,
1094 2156 1131 2210 vt
1181 2167 1286 2232 saepe
1308 2158 1463 2210 tractant.

149 2230 238 2297 harre
264 2234 397 2314 impiam
429 2230 616 2315 opinionem
643 2231 908 2317 significaremus
937 2232 1035 2297 nobis
1062 2204 1158 2295 dis-l
1267 2231 1340 2296 Hae
1361 2231 1495 2298 fuerunt
1516 2251 1658 2317 musae,
1688 2255 1749 2300 cur
1770 2236 1805 2299 in
1835 2236 2059 2319 descriptione
2086 2255 2165 2319 pec·

149 2316 285 2402 plicere,
310 2320 601 2400 concupiscentiae
618 2318 817 2382 mentionem
833 2314 986 2395 fecimus,
1003 2318 1129 2401 optimo
1181 2318 1248 2384 cati
1282 2318 1440 2404 originis,
1472 2330 1507 2382 et
1532 2319 1825 2404 concupiscentiae
1854 2322 2055 2386 mentionem
2081 2323 2165 2388 feci·

150 2405 259 2469 animo
281 2404 418 2466 morbos
440 2403 701 2481 nominanimus,
730 2416 763 2467 et
784 2403 1018 2487 exposuimus,
1039 2401 1130 2487 quod
1180 2422 1272 2480 mus,
1304 2414 1339 2468 et
1372 2404 1573 2470 detraximus
1606 2403 1816 2471 naturalibos
1847 2407 1975 2471 viribm
2007 2407 2164 2487 bominis,

150 2500 270 2553 natura
293 2486 459 2552 hominum
481 2499 636 2572 corrupta
658 2501 690 2553 et
712 2489 841 2553 viciusn
862 2501 1032 2554 nascatur.
1180 2489 1331 2553 timorem
1360 2500 1395 2555 et
1421 2488 1575 2553 fiduciam
1602 2509 1683 2575 erga
1714 2488 1841 2569 Deum,
1872 2490 2048 2557 Voluimus
2076 2495 2165 2559 enim

237 2574 354 2659 Neque
377 2592 457 2637 vero
482 2582 604 2638 tantum
627 2575 930 2658 concupiscentiam
948 2572 1130 2638 nominaui·
1152 2502 1158 2661 l
1181 2573 1388 2660 significare,
1422 2574 1512 2658 quod
1544 2587 1719 2658 peccatum
1752 2577 1892 2664 originis
1930 2576 1994 2641 hos
2030 2597 2165 2663 quoquc

107 2682 110 2687 ·
151 2678 244 2738 mus,
273 2660 334 2723 sed
363 2658 504 2722 diximus
530 2659 627 2722 etiam
656 2661 778 2724 deesse
806 2660 957 2725 timorem
986 2658 1070 2737 Dei,
1098 2667 1131 2722 et
1152 2664 1158 2715 t
1179 2660 1316 2724 morbos
1341 2661 1528 2739 contineat,
1555 2661 1800 2746 ignorationem
1827 2660 1908 2742 Dei,
1938 2675 2164 2748 contemptum

149 2742 261 2823 fldem,
283 2743 320 2808 ld
337 2742 404 2809 boc
433 2742 575 2808 consilio
601 2745 793 2810 adiecimus.
837 2743 1029 2810 Extenuant
1055 2762 1130 2829 pec
1180 2743 1256 2831 Dei,
1279 2764 1401 2811 vacare
1422 2756 1512 2810 metu
1535 2744 1606 2816 Dei,
1629 2759 1663 2812 et
1682 2745 1806 2813 fiducia
1826 2767 1911 2834 erga
1938 2749 2064 2827 Deum,
2094 2769 2163 2814 non

150 2842 258 2919 cutum
288 2830 435 2915 Originis
464 2840 499 2894 et
522 2825 717 2898 scholastici
745 2833 921 2910 doctores,
948 2848 1017 2895 non
1046 2830 1129 2894 satis
1178 2849 1283 2914 posse
1310 2827 1450 2918 diligere
1476 2830 1596 2897 Deum.
1641 2831 1739 2900 llaec'
1760 2843 1839 2898 sunt
1865 2835 2048 2921 praecipua
2073 2835 2163 2901 vicia
2216 2882 2220 2889 -

148 2912 373 3002 intelligentes
402 2914 626 2980 defintuonon
653 2918 783 3001 peccati
812 2912 1003 3003 originalis,
1031 2935 1131 3002 quam
1178 2928 1321 2982 naturae
1337 2915 1513 2998 humanae,
1534 2921 1719 3006 pugnantia
1740 2920 1876 3005 proprio
1899 2940 1973 2986 cum
1995 2920 2104 3005 prima
2114 2933 2164 2986 ta·

149 2998 352 3093 deceperunt
370 3022 394 3066 a
414 3002 578 3083 patribus.
596 3014 599 3019 ’
621 2999 676 3066 Dc
697 3001 812 3071 fomite
833 3004 1018 3088 disputant,
1039 3000 1131 3087 quod
1153 3061 1159 3086 ,
1179 3000 1260 3069 bala
1282 2999 1445 3089 decalogi.

149 3080 193 3155 'sit
214 3084 358 3175 qualitas
387 3088 560 3173 corporis,
588 3098 623 3152 et
649 3100 686 3153 vt
710 3108 774 3155 sno
800 3108 894 3154 mora
921 3089 990 3153 sint
1016 3087 1130 3173 inepti,
1264 3086 1384 3172 Neque
1415 3089 1496 3154 noui
1528 3089 1708 3175 quidquam
1734 3090 1888 3155 diximus.
1941 3089 2050 3157 Vetus
2082 3090 2162 3171 deh-

150 3172 313 3324 quafflt
333 3187 441 3239 vtmm
464 3170 607 3323 qualitas
628 3170 704 3254 illa,
728 3193 793 3278 ecn
866 3193 930 3239 one
949 3174 1058 3259 pomi,
1085 3191 1129 3236 an
1178 3172 1260 3240 nitio
1281 3183 1376 3238 recte
1402 3171 1572 3280 iutellecta
1601 3193 1743 3280 prcrsus
1767 3175 1855 3281 idem
1883 3176 1979 3281 dicit,
2009 3175 2105 3283 Cum·
2118 3177 2163 3242 ait

148 3268 1131 3431 tnrrtibtt‘tttttitt„tiranii?attuit
1178 3268 1817 3418 ttfflubtitttttt‘ttattt
1839 3264 2163 3415 ”titttttittt

146 3440 227 3519 ¹runt
247 3428 431 3516 principale
451 3433 646 3517 negocium,
672 3431 788 3517 ltaque
819 3451 894 3496 cum
921 3432 963 3499 dc
989 3440 1129 3516 peccato
1151 3432 1158 3514 l
1179 3432 1330 3496 rixantur
1361 3432 1404 3497 dc
1437 3428 1622 3497 dialecticis
1650 3433 1922 3519 quaestionibus,
1954 3452 2022 3498 non
2056 3432 2164 3518 expli·

150 3512 300 3603 Originis
321 3514 520 3602 loquuntur,
548 3519 704 3606 grauiora
724 3518 812 3584 vicia
844 3518 1010 3583 humanae
1036 3527 1131 3581 natu·
1181 3529 1258 3583 cant
1280 3517 1360 3601 quid
1381 3517 1424 3582 sit
1445 3518 1577 3583 iusticia
1599 3515 1792 3606 Originalis.
1835 3519 1943 3583 Porro
1965 3517 2095 3582 iusticia
2125 3519 2164 3582 in

148 3622 209 3667 rae
225 3622 293 3667 non
312 3616 584 3683 commemorant,
603 3601 732 3669 scilicet
748 3603 989 3688 ignorationem
1002 3606 1036 3680 8)
1053 3603 1130 3680 Dei,
1180 3604 1373 3687 scripturis,
1397 3605 1545 3669 continet
1565 3623 1634 3667 non
1656 3606 1781 3670 tantam
1803 3605 1983 3670 secundam
2009 3588 2164 3669 tabularu

151 3699 377 3773 contemptum
387 3686 464 3767 Dei,
486 3709 609 3754 vacare
619 3699 710 3754 metu
732 3701 766 3753 et
787 3688 907 3754 fiducia
917 3687 993 3765 Dei,
1016 3688 1130 3751 odisse
1180 3685 1311 3752 Deculo
1337 3691 1365 3766 ⁶,
1392 3689 1454 3753 sed
1479 3691 1617 3773 primam
1645 3708 1793 3775 quoque,
1818 3709 1904 3774 quae
1930 3688 2096 3773 praecipit
2119 3691 2162 3754 dc

148 3774 305 3840 iudicium
322 3771 399 3853 Dei,
420 3771 539 3860 fugere
560 3773 669 3839 Deum
689 3774 901 3853 iudicantem,
922 3773 1022 3838 irasci
1043 3770 1130 3855 Deo,
1181 3777 1299 3838 timore
1312 3709 1395 3853 lla,
1419 3775 1461 3839 de
1483 3774 1563 3854 fide,
1580 3776 1622 3840 de
1643 3794 1759 3841 amora
1778 3773 1852 3841 Dei.
1896 3773 2011 3859 ltaque
2028 3775 2163 3839 iusticia

148 3858 331 3963 desperare
359 3863 517 3945 gratiam,
549 3859 676 3925 habere
703 3858 858 3926 fiduciam
891 3879 1001 3924 rerum
1034 3877 1131 3943 prae-
1152 3843 1159 4015 Ι
1181 3857 1361 3945 Originalis
1382 3857 1537 3926 habitura
1558 3871 1631 3926 erat
1651 3882 1721 3927 non
1742 3857 1852 3927 solum
1873 3855 2014 3945 aequale
2036 3869 2161 3944 tempe·

65 4002 72 4016 ,
147 3944 290 4033 ¹se'rrtruni
314 3952 377 4008 etc.
421 3943 494 4011 llos
515 3948 669 4024 morbos,
696 3947 754 4029 qul
781 3945 924 4010 maxime
950 3945 1130 4009 aduersan-
1180 3958 1363 4010 ramentum
1381 3944 1574 4032 qualitatum
1592 3948 1758 4031 corporis,
1774 3947 1835 4013 sed
1854 3946 1952 4011 etiam
1963 3944 2160 4023 haecdona‚

147 4036 203 4098 tiir
219 4028 392 4118 legi··Dei,
421 4050 489 4096 non
517 4032 785 4097 animaduerterat
821 4030 1038 4108 scholastici,
1061 4029 1129 4095 lmo
1152 4046 1158 4113 Ι
1180 4030 1338 4098 noticiam
1358 4029 1424 4097 Dei
1446 4034 1632 4112 certiorem,
1649 4034 1799 4098 timorem
1816 4030 1895 4112 Dei,
1911 4030 2066 4097 fiduciam
2083 4028 2160 4109 Dei,

146 4118 294 4184 tribuunt
315 4118 446 4182 interim
468 4116 632 4192 humanae
652 4128 792 4185 naturae
808 4117 960 4203 integras
976 4117 1069 4182 vires
1087 4115 1131 4181 ad
1179 4125 1238 4182 aut
1256 4127 1348 4183 certe
1368 4118 1616 4197 rectitudinem,
1645 4130 1682 4183 at
1708 4117 1774 4183 vim
1803 4118 1870 4182 ista
1893 4116 2067 4182 efficiendi.
2112 4114 2161 4179 ld·

148 4199 352 4289 diligendum
373 4202 483 4268 Deum
505 4204 752 4286 superomnia,
780 4203 824 4268 ad
852 4200 1008 4268 facienda
1033 4221 1130 4287 praa·
1180 4221 1247 4289 quc
1267 4212 1408 4267 testatur
1428 4204 1593 4288 scriptura
1614 4223 1689 4269 cum
1707 4203 1820 4288 inquit,
1836 4200 2002 4268 hominem
2020 4202 2064 4267 ad
2080 4203 2161 4267 ima·

39 4358 53 4373 „
149 4294 248 4375 ce'pta
270 4289 347 4368 Dei,
365 4310 436 4375 quo,
453 4290 497 4354 ad
519 4289 740 4355 substantiam
760 4299 906 4367 actuum,
923 4286 995 4352 Neo
1017 4289 1133 4353 vident
1181 4290 1290 4375 ginem
1313 4298 1347 4352 et
1374 4284 1617 4355 similitudinem
1644 4288 1709 4355 Dei
1736 4288 1903 4356 conditum
1928 4306 2015 4353 csse
2059 4286 2161 4361 Quod

141 4377 543 4545 ῖιῗιιρέἷέῗὸἒΐωάὲίἷῗέ
564 4373 1131 4545 ,ltt‚⁹ttttt⁸,tttitttttt
1179 4370 1546 4545 ttlti'llttrtt
1568 4373 1772 4545 'abillis
1785 4372 2161 4544 ''rilin'illssllialai

151 4481 229 4619 'uid
262 4545 351 4613 allud
380 4558 432 4612 est
465 4554 564 4632 qaam
597 4546 725 4611 habero
763 4546 928 4611 iusticiam
967 4544 1129 4632 originis?
1179 4557 1242 4618 ret,
1264 4557 1298 4611 et
1318 4546 1353 4610 iu
1374 4564 1441 4630 qua
1462 4544 1628 4612 reluceret
1649 4544 1755 4625 Deus,
1775 4543 1843 4610 hoc
1861 4559 1912 4610 est
1930 4544 2054 4609 bomini
2073 4543 2163 4609 dona

148 4562 248 4706 arod
270 4633 299 4698 si
321 4631 384 4698 bas
405 4643 517 4698 tantas
536 4634 626 4698 viras
647 4631 750 4697 babet
770 4629 915 4698 humana
935 4641 1072 4713 natura,
1093 4643 1130 4697 vt
1180 4650 1259 4698 esse
1287 4632 1381 4710 data,
1411 4631 1567 4696 nodatam
1600 4628 1681 4712 Dei,
1713 4632 1864 4698 timorem
1891 4628 1972 4707 Dei,
2004 4628 2163 4695 fiduciam

145 4736 209 4806 per
241 4738 322 4784 sese
351 4720 461 4803 possit
494 4715 634 4808 diligere
665 4716 775 4784 Deum
803 4717 1060 4803 superomnia,
1093 4729 1129 4782 vt
1181 4736 1263 4804 erga
1294 4714 1426 4797 Deum,
1460 4728 1494 4782 et
1523 4714 1654 4784 similia.
1706 4715 1766 4783 Sic
1788 4717 1874 4783 onim
1901 4717 2164 4799 interpretantur

147 4802 356 4872 confidenter
377 4803 545 4869 affirmant
571 4800 783 4884 scholastici,
811 4805 889 4891 quid
919 4803 982 4868 erit
1009 4821 1129 4889 pecca·
1181 4801 1427 4870 similitudinem
1446 4802 1512 4870 Dei
1533 4802 1669 4870 ireneus
1697 4814 1731 4869 et
1758 4803 1977 4877 Ambrosias,
2003 4800 2061 4886 qai
2085 4820 2162 4867 cum

147 4901 218 4958 tum
251 4889 412 4976 originls?
465 4889 631 4964 Quorsum
666 4901 774 4955 autem
803 4910 889 4973 opus
921 4889 985 4954 erit
1022 4889 1130 4976 mutia
1181 4886 1247 4955 alis
1273 4888 1377 4957 multa
1408 4889 1443 4956 in
1475 4887 1563 4956 hano
1590 4891 1796 4956 sentenciam
1820 4889 1919 4967 dicit,
1946 4887 2088 4952 tumltu
2114 4885 2163 4950 io·

150 4974 287 5055 Christi,
310 4975 340 5040 si
361 4995 426 5041 nos
448 4996 627 5061 possumus
655 4975 727 5042 lieri
754 4977 849 5060 iusti,
877 4975 1013 5061 propria
1039 4974 1130 5042 lusti·

167 5252 197 5317 8)
215 5250 419 5319 ignorationem]
436 5253 475 5304 tic
491 5251 573 5303 llditt.
594 5253 617 5303 1.
637 5252 661 5303 Β.
680 5253 722 5316 ὥς
740 5251 792 5303 ld.
808 5249 850 5304 h:
867 5252 1044 5316 inermum
1153 5210 1160 5290 l
1199 5250 1230 5317 9)
1247 5248 1354 5319 elicitis]
1371 5251 1410 5302 rio
1425 5250 1506 5304 suta.
1526 5249 1620 5316 1-8.;
1639 5249 1691 5303 Ed.
1710 5248 1869 5303 astitistis
