<?xml version="1.0" encoding="UTF-8"?>
<!DOCTYPE html PUBLIC "-//W3C//DTD XHTML 1.0 Transitional//EN"
    "http://www.w3.org/TR/xhtml1/DTD/xhtml1-transitional.dtd">
<html xmlns="http://www.w3.org/1999/xhtml" xml:lang="en" lang="en">
 <head>
  <title>
</title>
<meta http-equiv="Content-Type" content="text/html;charset=utf-8" />
  <meta name='ocr-system' content='tesseract 3.04.00' />
  <meta name='ocr-capabilities' content='ocr_page ocr_carea ocr_par ocr_line ocrx_word'/>
</head>
<body>
  <div class='ocr_page' id='page_1' title='image "./philippimelanth05melagoog_0020.png"; bbox 0 0 4702 6030; ppageno 0'>
   <div class='ocr_carea' id='block_1_1' title="bbox 173 436 2190 538">
    <p class='ocr_par' dir='ltr' id='par_1_1' title="bbox 173 436 2190 538">
     <span class='ocr_line' id='line_1_1' title="bbox 173 436 2190 538; baseline -0.001 -30"><span class='ocrx_word' id='word_1_1' title='bbox 173 439 218 508; x_wconf 80' lang='lat' dir='ltr'><strong>it</strong></span> <span class='ocrx_word' id='word_1_2' title='bbox 307 529 311 538; x_wconf 91' lang='lat'><strong>.</strong></span> <span class='ocrx_word' id='word_1_3' title='bbox 660 439 702 519; x_wconf 77' lang='lat' dir='ltr'><strong>i.‚</strong></span> <span class='ocrx_word' id='word_1_4' title='bbox 729 436 1015 506; x_wconf 71' lang='lat' dir='ltr'><strong>constitutio</strong></span> <span class='ocrx_word' id='word_1_5' title='bbox 1036 436 1360 508; x_wconf 79' lang='lat' dir='ltr'><strong>OONFESSIONlS</strong></span> <span class='ocrx_word' id='word_1_6' title='bbox 1381 436 1699 506; x_wconf 75' lang='lat' dir='ltr'><strong>euuustnrtnli.</strong></span> <span class='ocrx_word' id='word_1_7' title='bbox 1915 459 1918 465; x_wconf 87' lang='lat'><em>·</em></span> <span class='ocrx_word' id='word_1_8' title='bbox 2148 439 2190 506; x_wconf 86' lang='lat' dir='ltr'><strong>it</strong></span> 
     </span>
    </p>
   </div>
   <div class='ocr_carea' id='block_1_2' title="bbox 176 626 2190 711">
    <p class='ocr_par' dir='ltr' id='par_1_2' title="bbox 176 626 2190 711">
     <span class='ocr_line' id='line_1_2' title="bbox 176 626 2190 711; baseline 0 -20"><span class='ocrx_word' id='word_1_9' title='bbox 176 649 257 711; x_wconf 88' lang='lat' dir='ltr'><strong>quae</strong></span> <span class='ocrx_word' id='word_1_10' title='bbox 273 632 400 692; x_wconf 87' lang='lat' dir='ltr'><strong>recitata</strong></span> <span class='ocrx_word' id='word_1_11' title='bbox 418 636 522 691; x_wconf 73' lang='lat' dir='ltr'><strong>sante</strong></span> <span class='ocrx_word' id='word_1_12' title='bbox 543 648 545 656; x_wconf 93' lang='lat'><em>·</em></span> <span class='ocrx_word' id='word_1_13' title='bbox 568 627 605 692; x_wconf 89' lang='lat' dir='ltr'><strong>Si</strong></span> <span class='ocrx_word' id='word_1_14' title='bbox 623 628 674 691; x_wconf 90' lang='lat' dir='ltr'><strong>bic</strong></span> <span class='ocrx_word' id='word_1_15' title='bbox 690 648 835 692; x_wconf 87' lang='lat' dir='ltr'><strong>numerus</strong></span> <span class='ocrx_word' id='word_1_16' title='bbox 853 630 1019 710; x_wconf 69' lang='lat' dir='ltr'><strong>quinarem</strong></span> <span class='ocrx_word' id='word_1_17' title='bbox 1041 648 1100 690; x_wconf 92' lang='lat' dir='ltr'><strong>non</strong></span> <span class='ocrx_word' id='word_1_18' title='bbox 1119 628 1274 691; x_wconf 82' lang='lat' dir='ltr'><strong>indefinite</strong></span> <span class='ocrx_word' id='word_1_19' title='bbox 1292 650 1346 711; x_wconf 92' lang='lat' dir='ltr'><strong>pro</strong></span> <span class='ocrx_word' id='word_1_20' title='bbox 1362 628 1493 710; x_wconf 81' lang='lat' dir='ltr'><strong>pluries,</strong></span> <span class='ocrx_word' id='word_1_21' title='bbox 1511 629 1570 691; x_wconf 89' lang='lat' dir='ltr'><strong>sed</strong></span> <span class='ocrx_word' id='word_1_22' title='bbox 1589 629 1708 711; x_wconf 88' lang='lat' dir='ltr'><strong>proprie</strong></span> <span class='ocrx_word' id='word_1_23' title='bbox 1730 649 1798 690; x_wconf 91' lang='lat' dir='ltr'><strong>cum</strong></span> <span class='ocrx_word' id='word_1_24' title='bbox 1821 626 2015 691; x_wconf 82' lang='lat' dir='ltr'><strong>Muellero</strong></span> <span class='ocrx_word' id='word_1_25' title='bbox 2032 631 2190 710; x_wconf 70' lang='lat' dir='ltr'><strong>accipitur,</strong></span> 
     </span>
    </p>
   </div>
   <div class='ocr_carea' id='block_1_3' title="bbox 58 713 1777 805">
    <p class='ocr_par' dir='ltr' id='par_1_3' title="bbox 58 713 1777 805">
     <span class='ocr_line' id='line_1_3' title="bbox 58 713 1777 805; baseline -0.001 -27"><span class='ocrx_word' id='word_1_26' title='bbox 58 798 62 805; x_wconf 27' lang='grc' dir='ltr'>Ι</span> <span class='ocrx_word' id='word_1_27' title='bbox 176 715 387 797; x_wconf 75' lang='lat' dir='ltr'><strong>inquirendum</strong></span> <span class='ocrx_word' id='word_1_28' title='bbox 404 723 465 787; x_wconf 89' lang='lat' dir='ltr'><strong>est,</strong></span> <span class='ocrx_word' id='word_1_29' title='bbox 485 735 632 797; x_wconf 75' lang='lat' dir='ltr'><strong>quaenam</strong></span> <span class='ocrx_word' id='word_1_30' title='bbox 649 716 712 776; x_wconf 89' lang='lat' dir='ltr'><strong>sint</strong></span> <span class='ocrx_word' id='word_1_31' title='bbox 728 714 801 775; x_wconf 89' lang='lat' dir='ltr'><strong>illae</strong></span> <span class='ocrx_word' id='word_1_32' title='bbox 823 719 957 797; x_wconf 73' lang='lat' dir='ltr'><strong>pratoque</strong></span> <span class='ocrx_word' id='word_1_33' title='bbox 978 714 1218 793; x_wconf 77' lang='lat' dir='ltr'><strong>Confutott‘onir</strong></span> <span class='ocrx_word' id='word_1_34' title='bbox 1240 720 1484 778; x_wconf 68' lang='lat' dir='ltr'><strong>retractationes</strong></span> <span class='ocrx_word' id='word_1_35' title='bbox 1500 713 1777 793; x_wconf 63' lang='lat' dir='ltr'><strong>rutfmnotaee).</strong></span> 
     </span>
    </p>
   </div>
   <div class='ocr_carea' id='block_1_4' title="bbox 175 825 2190 1088">
    <p class='ocr_par' dir='ltr' id='par_1_4' title="bbox 175 825 2190 1088">
     <span class='ocr_line' id='line_1_4' title="bbox 330 825 2190 918; baseline 0 -22"><span class='ocrx_word' id='word_1_36' title='bbox 330 832 483 918; x_wconf 61' lang='lat' dir='ltr'><strong>&#39;theologi</strong></span> <span class='ocrx_word' id='word_1_37' title='bbox 504 835 543 896; x_wconf 89' lang='lat' dir='ltr'><strong>ab</strong></span> <span class='ocrx_word' id='word_1_38' title='bbox 564 833 747 915; x_wconf 75' lang='lat' dir='ltr'><strong>Imperatore</strong></span> <span class='ocrx_word' id='word_1_39' title='bbox 765 825 933 896; x_wconf 86' lang='lat' dir='ltr'><strong>breviorem</strong></span> <span class='ocrx_word' id='word_1_40' title='bbox 955 835 1168 914; x_wconf 77' lang='lat' dir='ltr'><strong>mitioremque</strong></span> <span class='ocrx_word' id='word_1_41' title='bbox 1195 831 1441 897; x_wconf 73' lang='lat' dir='ltr'><strong>confutationem</strong></span> <span class='ocrx_word' id='word_1_42' title='bbox 1460 855 1642 917; x_wconf 88' lang='lat' dir='ltr'><strong>componere</strong></span> <span class='ocrx_word' id='word_1_43' title='bbox 1664 837 1759 907; x_wconf 86' lang='lat' dir='ltr'><strong>iussi,</strong></span> <span class='ocrx_word' id='word_1_44' title='bbox 1786 853 1825 895; x_wconf 90' lang='lat' dir='ltr'><strong>ex</strong></span> <span class='ocrx_word' id='word_1_45' title='bbox 1852 854 1911 896; x_wconf 88' lang='lat' dir='ltr'><strong>sua</strong></span> <span class='ocrx_word' id='word_1_46' title='bbox 1938 854 2032 916; x_wconf 82' lang='lat' dir='ltr'><strong>grege</strong></span> <span class='ocrx_word' id='word_1_47' title='bbox 2054 834 2190 916; x_wconf 81' lang='lat' dir='ltr'><strong>inprimis</strong></span> 
     </span>
     <span class='ocr_line' id='line_1_5' title="bbox 175 919 2190 1088; baseline 0 -106"><span class='ocrx_word' id='word_1_48' title='bbox 175 919 562 1088; x_wconf 46' lang='lat' dir='ltr'><strong>ffiffifflef&#39;bmm</strong></span> <span class='ocrx_word' id='word_1_49' title='bbox 585 921 725 1003; x_wconf 80' lang='lat' dir='ltr'><strong>elegisse</strong></span> <span class='ocrx_word' id='word_1_50' title='bbox 741 921 897 994; x_wconf 85' lang='lat' dir='ltr'><strong>videntur,</strong></span> <span class='ocrx_word' id='word_1_51' title='bbox 915 928 959 993; x_wconf 89' lang='lat' dir='ltr'><strong>ut,</strong></span> <span class='ocrx_word' id='word_1_52' title='bbox 982 940 1061 1003; x_wconf 90' lang='lat' dir='ltr'><strong>quae</strong></span> <span class='ocrx_word' id='word_1_53' title='bbox 1085 924 1234 983; x_wconf 89' lang='lat' dir='ltr'><strong>communi</strong></span> <span class='ocrx_word' id='word_1_54' title='bbox 1264 923 1396 983; x_wconf 90' lang='lat' dir='ltr'><strong>omnium</strong></span> <span class='ocrx_word' id='word_1_55' title='bbox 1422 921 1644 984; x_wconf 88' lang='lat' dir='ltr'><strong>consultatione</strong></span> <span class='ocrx_word' id='word_1_56' title='bbox 1671 923 1829 1003; x_wconf 89' lang='lat' dir='ltr'><strong>proposita</strong></span> <span class='ocrx_word' id='word_1_57' title='bbox 1851 929 1973 993; x_wconf 88' lang='lat' dir='ltr'><strong>essent,</strong></span> <span class='ocrx_word' id='word_1_58' title='bbox 1997 923 2027 982; x_wconf 92' lang='lat' dir='ltr'><strong>iu</strong></span> <span class='ocrx_word' id='word_1_59' title='bbox 2055 921 2190 983; x_wconf 86' lang='lat' dir='ltr'><strong>ordinem</strong></span> 
     </span>
    </p>
   </div>
   <div class='ocr_carea' id='block_1_5' title="bbox 176 1122 2191 1294">
    <p class='ocr_par' dir='ltr' id='par_1_5' title="bbox 176 1122 2191 1294">
     <span class='ocr_line' id='line_1_6' title="bbox 331 1122 2190 1209; baseline 0.002 -22"><span class='ocrx_word' id='word_1_60' title='bbox 331 1125 442 1187; x_wconf 82' lang='lat' dir='ltr'><strong>Primo</strong></span> <span class='ocrx_word' id='word_1_61' title='bbox 461 1129 552 1190; x_wconf 88' lang='lat' dir='ltr'><strong>istius</strong></span> <span class='ocrx_word' id='word_1_62' title='bbox 574 1125 721 1189; x_wconf 80' lang='lat' dir='ltr'><strong>formulae</strong></span> <span class='ocrx_word' id='word_1_63' title='bbox 738 1129 925 1189; x_wconf 71' lang='lat' dir='ltr'><strong>ntroctatt‘o</strong></span> <span class='ocrx_word' id='word_1_64' title='bbox 947 1147 1006 1188; x_wconf 87' lang='lat' dir='ltr'><strong>seu</strong></span> <span class='ocrx_word' id='word_1_65' title='bbox 1023 1126 1125 1190; x_wconf 80' lang='lat' dir='ltr'><strong>altem</strong></span> <span class='ocrx_word' id='word_1_66' title='bbox 1141 1125 1256 1189; x_wconf 84' lang='lat' dir='ltr'><strong>latinae</strong></span> <span class='ocrx_word' id='word_1_67' title='bbox 1278 1122 1504 1190; x_wconf 80' lang='lat' dir='ltr'><strong>contuutionis</strong></span> <span class='ocrx_word' id='word_1_68' title='bbox 1519 1127 1656 1205; x_wconf 82' lang='lat' dir='ltr'><strong>fornetta</strong></span> <span class='ocrx_word' id='word_1_69' title='bbox 1683 1129 1773 1209; x_wconf 84' lang='lat' dir='ltr'><strong>priori</strong></span> <span class='ocrx_word' id='word_1_70' title='bbox 1796 1126 1950 1208; x_wconf 84' lang='lat' dir='ltr'><strong>prolixiori</strong></span> <span class='ocrx_word' id='word_1_71' title='bbox 1974 1130 2062 1208; x_wconf 89' lang='lat' dir='ltr'><strong>quasi</strong></span> <span class='ocrx_word' id='word_1_72' title='bbox 2086 1127 2190 1190; x_wconf 84' lang='lat' dir='ltr'><strong>lunda·</strong></span> 
     </span>
     <span class='ocr_line' id='line_1_7' title="bbox 176 1211 2191 1294; baseline 0 -18"><span class='ocrx_word' id='word_1_73' title='bbox 176 1220 279 1276; x_wconf 91' lang='lat' dir='ltr'><strong>mento</strong></span> <span class='ocrx_word' id='word_1_74' title='bbox 298 1221 509 1294; x_wconf 87' lang='lat' dir='ltr'><strong>superstructa</strong></span> <span class='ocrx_word' id='word_1_75' title='bbox 529 1236 598 1276; x_wconf 90' lang='lat' dir='ltr'><strong>cum</strong></span> <span class='ocrx_word' id='word_1_76' title='bbox 622 1213 795 1294; x_wconf 88' lang='lat' dir='ltr'><strong>imperatori</strong></span> <span class='ocrx_word' id='word_1_77' title='bbox 818 1212 952 1275; x_wconf 87' lang='lat' dir='ltr'><strong>exhibita</strong></span> <span class='ocrx_word' id='word_1_78' title='bbox 970 1221 1002 1275; x_wconf 91' lang='lat' dir='ltr'><strong>et</strong></span> <span class='ocrx_word' id='word_1_79' title='bbox 1019 1214 1056 1274; x_wconf 88' lang='lat' dir='ltr'><strong>ab</strong></span> <span class='ocrx_word' id='word_1_80' title='bbox 1080 1233 1118 1274; x_wconf 91' lang='lat' dir='ltr'><strong>eo</strong></span> <span class='ocrx_word' id='word_1_81' title='bbox 1138 1233 1206 1275; x_wconf 90' lang='lat' dir='ltr'><strong>curu</strong></span> <span class='ocrx_word' id='word_1_82' title='bbox 1229 1211 1424 1294; x_wconf 76' lang='lat' dir='ltr'><strong>Principibus</strong></span> <span class='ocrx_word' id='word_1_83' title='bbox 1448 1217 1668 1275; x_wconf 73' lang='lat' dir='ltr'><strong>communiente</strong></span> <span class='ocrx_word' id='word_1_84' title='bbox 1685 1222 1768 1284; x_wconf 91' lang='lat' dir='ltr'><strong>erat,</strong></span> <span class='ocrx_word' id='word_1_85' title='bbox 1791 1214 1830 1274; x_wconf 89' lang='lat' dir='ltr'><strong>ab</strong></span> <span class='ocrx_word' id='word_1_86' title='bbox 1853 1212 1904 1274; x_wconf 90' lang='lat' dir='ltr'><strong>bis</strong></span> <span class='ocrx_word' id='word_1_87' title='bbox 1926 1214 2033 1275; x_wconf 91' lang='lat' dir='ltr'><strong>iterum</strong></span> <span class='ocrx_word' id='word_1_88' title='bbox 2056 1215 2096 1274; x_wconf 92' lang='lat' dir='ltr'><strong>ob</strong></span> <span class='ocrx_word' id='word_1_89' title='bbox 2121 1215 2191 1276; x_wconf 86' lang='lat' dir='ltr'><strong>eiua</strong></span> 
     </span>
    </p>
   </div>
   <div class='ocr_carea' id='block_1_6' title="bbox 177 1298 2292 1381">
    <p class='ocr_par' dir='ltr' id='par_1_6' title="bbox 177 1298 2292 1381">
     <span class='ocr_line' id='line_1_8' title="bbox 177 1298 2292 1381; baseline 0 -19"><span class='ocrx_word' id='word_1_90' title='bbox 177 1300 299 1362; x_wconf 85' lang='lat' dir='ltr'><strong>nimiam</strong></span> <span class='ocrx_word' id='word_1_91' title='bbox 316 1299 519 1381; x_wconf 79' lang='lat' dir='ltr'><strong>prolixitatem</strong></span> <span class='ocrx_word' id='word_1_92' title='bbox 530 1302 606 1380; x_wconf 61' lang='lat' dir='ltr'><strong>m)</strong></span> <span class='ocrx_word' id='word_1_93' title='bbox 635 1308 667 1362; x_wconf 92' lang='lat' dir='ltr'><strong>et</strong></span> <span class='ocrx_word' id='word_1_94' title='bbox 684 1299 898 1362; x_wconf 81' lang='lat' dir='ltr'><strong>verosimiliter</strong></span> <span class='ocrx_word' id='word_1_95' title='bbox 920 1302 1009 1362; x_wconf 90' lang='lat' dir='ltr'><strong>etiam</strong></span> <span class='ocrx_word' id='word_1_96' title='bbox 1039 1305 1162 1380; x_wconf 89' lang='lat' dir='ltr'><strong>propter</strong></span> <span class='ocrx_word' id='word_1_97' title='bbox 1190 1300 1258 1360; x_wconf 83' lang='lat' dir='ltr'><strong>eius</strong></span> <span class='ocrx_word' id='word_1_98' title='bbox 1284 1299 1477 1361; x_wconf 72' lang='lat' dir='ltr'><strong>acerbitatem</strong></span> <span class='ocrx_word' id='word_1_99' title='bbox 1501 1300 1659 1381; x_wconf 85' lang='lat' dir='ltr'><strong>repudiata</strong></span> <span class='ocrx_word' id='word_1_100' title='bbox 1685 1306 1744 1360; x_wconf 91' lang='lat' dir='ltr'><strong>esi.</strong></span> <span class='ocrx_word' id='word_1_101' title='bbox 1769 1335 1810 1348; x_wconf 88' lang='lat'>-</span> <span class='ocrx_word' id='word_1_102' title='bbox 1831 1299 1918 1360; x_wconf 86' lang='lat' dir='ltr'><strong>llaec</strong></span> <span class='ocrx_word' id='word_1_103' title='bbox 1941 1298 2086 1373; x_wconf 82' lang='lat' dir='ltr'><strong>termule,</strong></span> <span class='ocrx_word' id='word_1_104' title='bbox 2110 1319 2190 1380; x_wconf 86' lang='lat' dir='ltr'><strong>quae</strong></span> <span class='ocrx_word' id='word_1_105' title='bbox 2287 1342 2292 1347; x_wconf 91' lang='lat'>-</span> 
     </span>
    </p>
   </div>
   <div class='ocr_carea' id='block_1_7' title="bbox 177 1384 2191 1572">
    <p class='ocr_par' dir='ltr' id='par_1_7' title="bbox 177 1384 2191 1572">
     <span class='ocr_line' id='line_1_9' title="bbox 178 1384 2191 1468; baseline 0 -20"><span class='ocrx_word' id='word_1_106' title='bbox 178 1387 300 1448; x_wconf 89' lang='lat' dir='ltr'><strong>omniuo</strong></span> <span class='ocrx_word' id='word_1_107' title='bbox 310 1387 409 1468; x_wconf 89' lang='lat' dir='ltr'><strong>periit,</strong></span> <span class='ocrx_word' id='word_1_108' title='bbox 422 1395 506 1448; x_wconf 89' lang='lat' dir='ltr'><strong>certe</strong></span> <span class='ocrx_word' id='word_1_109' title='bbox 518 1384 680 1466; x_wconf 87' lang='lat' dir='ltr'><strong>bucusque</strong></span> <span class='ocrx_word' id='word_1_110' title='bbox 692 1407 751 1448; x_wconf 92' lang='lat' dir='ltr'><strong>nou</strong></span> <span class='ocrx_word' id='word_1_111' title='bbox 765 1393 885 1468; x_wconf 92' lang='lat' dir='ltr'><strong>reperta</strong></span> <span class='ocrx_word' id='word_1_112' title='bbox 896 1393 957 1458; x_wconf 88' lang='lat' dir='ltr'><strong>est,</strong></span> <span class='ocrx_word' id='word_1_113' title='bbox 975 1387 1044 1447; x_wconf 91' lang='lat' dir='ltr'><strong>sine</strong></span> <span class='ocrx_word' id='word_1_114' title='bbox 1062 1385 1155 1447; x_wconf 92' lang='lat' dir='ltr'><strong>dubio</strong></span> <span class='ocrx_word' id='word_1_115' title='bbox 1172 1405 1273 1466; x_wconf 90' lang='lat' dir='ltr'><strong>aeque</strong></span> <span class='ocrx_word' id='word_1_116' title='bbox 1290 1405 1326 1446; x_wconf 90' lang='lat' dir='ltr'><strong>ac</strong></span> <span class='ocrx_word' id='word_1_117' title='bbox 1344 1385 1398 1446; x_wconf 89' lang='lat' dir='ltr'><strong>illa</strong></span> <span class='ocrx_word' id='word_1_118' title='bbox 1414 1385 1510 1466; x_wconf 84' lang='lat' dir='ltr'><strong>prima</strong></span> <span class='ocrx_word' id='word_1_119' title='bbox 1526 1385 1566 1446; x_wconf 90' lang='lat' dir='ltr'><strong>ad</strong></span> <span class='ocrx_word' id='word_1_120' title='bbox 1587 1384 1799 1466; x_wconf 87' lang='lat' dir='ltr'><strong>Imperatorem</strong></span> <span class='ocrx_word' id='word_1_121' title='bbox 1818 1387 1932 1466; x_wconf 89' lang='lat' dir='ltr'><strong>scripta</strong></span> <span class='ocrx_word' id='word_1_122' title='bbox 1949 1392 2023 1460; x_wconf 79' lang='lat' dir='ltr'><strong>erat,</strong></span> <span class='ocrx_word' id='word_1_123' title='bbox 2035 1407 2102 1447; x_wconf 92' lang='lat' dir='ltr'><strong>cum</strong></span> <span class='ocrx_word' id='word_1_124' title='bbox 2126 1384 2191 1449; x_wconf 82' lang='lat' dir='ltr'><strong>illis</strong></span> 
     </span>
     <span class='ocr_line' id='line_1_10' title="bbox 177 1466 2147 1572; baseline 0.001 -38"><span class='ocrx_word' id='word_1_125' title='bbox 177 1470 290 1572; x_wconf 84' lang='lat' dir='ltr'><strong>diebus</strong></span> <span class='ocrx_word' id='word_1_126' title='bbox 313 1472 444 1534; x_wconf 92' lang='lat' dir='ltr'><strong>nondum</strong></span> <span class='ocrx_word' id='word_1_127' title='bbox 464 1475 542 1535; x_wconf 87' lang='lat' dir='ltr'><strong>eatis</strong></span> <span class='ocrx_word' id='word_1_128' title='bbox 561 1475 757 1536; x_wconf 87' lang='lat' dir='ltr'><strong>constitutum</strong></span> <span class='ocrx_word' id='word_1_129' title='bbox 780 1493 855 1534; x_wconf 88' lang='lat' dir='ltr'><strong>esse</strong></span> <span class='ocrx_word' id='word_1_130' title='bbox 873 1473 1035 1545; x_wconf 82' lang='lat' dir='ltr'><strong>rideretur,</strong></span> <span class='ocrx_word' id='word_1_131' title='bbox 1057 1491 1095 1533; x_wconf 89' lang='lat' dir='ltr'><strong>an</strong></span> <span class='ocrx_word' id='word_1_132' title='bbox 1113 1466 1510 1553; x_wconf 74' lang='lat' dir='ltr'><strong>contutatiopraelcgeuda</strong></span> <span class='ocrx_word' id='word_1_133' title='bbox 1531 1477 1563 1535; x_wconf 87' lang='lat' dir='ltr'><strong>et</strong></span> <span class='ocrx_word' id='word_1_134' title='bbox 1580 1474 1668 1551; x_wconf 78' lang='lat' dir='ltr'><strong>cuius</strong></span> <span class='ocrx_word' id='word_1_135' title='bbox 1690 1472 1811 1533; x_wconf 87' lang='lat' dir='ltr'><strong>nomine</strong></span> <span class='ocrx_word' id='word_1_136' title='bbox 1829 1479 1917 1534; x_wconf 88' lang='lat' dir='ltr'><strong>esset</strong></span> <span class='ocrx_word' id='word_1_137' title='bbox 1934 1471 2147 1553; x_wconf 87' lang='lat' dir='ltr'><strong>praelegenda.</strong></span> 
     </span>
    </p>
   </div>
   <div class='ocr_carea' id='block_1_8' title="bbox 175 1590 2194 3053">
    <p class='ocr_par' dir='ltr' id='par_1_8' title="bbox 332 1590 2191 1672">
     <span class='ocr_line' id='line_1_11' title="bbox 332 1590 2191 1672; baseline 0.001 -19"><span class='ocrx_word' id='word_1_138' title='bbox 332 1592 414 1655; x_wconf 92' lang='lat' dir='ltr'><strong>lnter</strong></span> <span class='ocrx_word' id='word_1_139' title='bbox 431 1592 510 1655; x_wconf 87' lang='lat' dir='ltr'><strong>banc</strong></span> <span class='ocrx_word' id='word_1_140' title='bbox 532 1594 661 1656; x_wconf 83' lang='lat' dir='ltr'><strong>alteram</strong></span> <span class='ocrx_word' id='word_1_141' title='bbox 683 1592 840 1655; x_wconf 77' lang='lat' dir='ltr'><strong>formulam</strong></span> <span class='ocrx_word' id='word_1_142' title='bbox 859 1596 965 1655; x_wconf 88' lang='lat' dir='ltr'><strong>iterum</strong></span> <span class='ocrx_word' id='word_1_143' title='bbox 989 1594 1150 1664; x_wconf 88' lang='lat' dir='ltr'><strong>reiectam,</strong></span> <span class='ocrx_word' id='word_1_144' title='bbox 1174 1599 1206 1654; x_wconf 90' lang='lat' dir='ltr'><strong>et</strong></span> <span class='ocrx_word' id='word_1_145' title='bbox 1229 1612 1311 1669; x_wconf 84' lang='lat' dir='ltr'><strong>eam,</strong></span> <span class='ocrx_word' id='word_1_146' title='bbox 1337 1611 1426 1671; x_wconf 87' lang='lat' dir='ltr'><strong>quarn</strong></span> <span class='ocrx_word' id='word_1_147' title='bbox 1445 1594 1587 1672; x_wconf 79' lang='lat' dir='ltr'><strong>sequenti</strong></span> <span class='ocrx_word' id='word_1_148' title='bbox 1612 1594 1706 1654; x_wconf 83' lang='lat' dir='ltr'><strong>tertio</strong></span> <span class='ocrx_word' id='word_1_149' title='bbox 1734 1590 1803 1653; x_wconf 91' lang='lat' dir='ltr'><strong>loco</strong></span> <span class='ocrx_word' id='word_1_150' title='bbox 1833 1595 2076 1664; x_wconf 85' lang='lat' dir='ltr'><strong>recensebimus,</strong></span> <span class='ocrx_word' id='word_1_151' title='bbox 2104 1592 2191 1660; x_wconf 80' lang='lat' dir='ltr'><strong>cur.</strong></span> 
     </span>
    </p>

    <p class='ocr_par' dir='ltr' id='par_1_9' title="bbox 175 1674 2194 3053">
     <span class='ocr_line' id='line_1_12' title="bbox 182 1674 2191 1760; baseline 0 -19"><span class='ocrx_word' id='word_1_152' title='bbox 182 1677 321 1742; x_wconf 77' lang='lat' dir='ltr'><strong>Gottt‘r.</strong></span> <span class='ocrx_word' id='word_1_153' title='bbox 344 1677 511 1742; x_wconf 86' lang='lat' dir='ltr'><strong>Mueller</strong></span> <span class='ocrx_word' id='word_1_154' title='bbox 527 1683 557 1742; x_wconf 94' lang='lat' dir='ltr'><strong>in</strong></span> <span class='ocrx_word' id='word_1_155' title='bbox 579 1678 712 1742; x_wconf 87' lang='lat' dir='ltr'><strong>Praelat.</strong></span> <span class='ocrx_word' id='word_1_156' title='bbox 730 1678 798 1742; x_wconf 89' lang='lat' dir='ltr'><strong>libri</strong></span> <span class='ocrx_word' id='word_1_157' title='bbox 822 1678 905 1740; x_wconf 91' lang='lat' dir='ltr'><strong>illico</strong></span> <span class='ocrx_word' id='word_1_158' title='bbox 923 1678 1064 1740; x_wconf 87' lang='lat' dir='ltr'><strong>laudandi</strong></span> <span class='ocrx_word' id='word_1_159' title='bbox 1089 1700 1119 1760; x_wconf 91' lang='lat' dir='ltr'><strong>p.</strong></span> <span class='ocrx_word' id='word_1_160' title='bbox 1148 1674 1237 1741; x_wconf 87' lang='lat' dir='ltr'><strong>XLll</strong></span> <span class='ocrx_word' id='word_1_161' title='bbox 1255 1699 1303 1758; x_wconf 90' lang='lat' dir='ltr'><strong>sq.</strong></span> <span class='ocrx_word' id='word_1_162' title='bbox 1323 1680 1431 1741; x_wconf 78' lang='lat' dir='ltr'><strong>statuit</strong></span> <span class='ocrx_word' id='word_1_163' title='bbox 1451 1678 1542 1740; x_wconf 90' lang='lat' dir='ltr'><strong>aliam</strong></span> <span class='ocrx_word' id='word_1_164' title='bbox 1562 1679 1722 1759; x_wconf 86' lang='lat' dir='ltr'><strong>quandam,</strong></span> <span class='ocrx_word' id='word_1_165' title='bbox 1746 1698 1835 1758; x_wconf 89' lang='lat' dir='ltr'><strong>quarn</strong></span> <span class='ocrx_word' id='word_1_166' title='bbox 1862 1679 1929 1759; x_wconf 90' lang='lat' dir='ltr'><strong>ipse</strong></span> <span class='ocrx_word' id='word_1_167' title='bbox 1948 1681 2072 1740; x_wconf 84' lang='lat' dir='ltr'><strong>tertiam</strong></span> <span class='ocrx_word' id='word_1_168' title='bbox 2097 1679 2191 1741; x_wconf 91' lang='lat' dir='ltr'><strong>nomi·</strong></span> 
     </span>
     <span class='ocr_line' id='line_1_13' title="bbox 180 1761 2191 1847; baseline 0 -20"><span class='ocrx_word' id='word_1_169' title='bbox 180 1769 278 1846; x_wconf 86' lang='lat' dir='ltr'><strong>uat†)</strong></span> <span class='ocrx_word' id='word_1_170' title='bbox 296 1773 328 1828; x_wconf 91' lang='lat' dir='ltr'><strong>ei</strong></span> <span class='ocrx_word' id='word_1_171' title='bbox 344 1767 391 1828; x_wconf 89' lang='lat' dir='ltr'><strong>sic</strong></span> <span class='ocrx_word' id='word_1_172' title='bbox 408 1775 565 1830; x_wconf 75' lang='lat' dir='ltr'><strong>recenset:</strong></span> <span class='ocrx_word' id='word_1_173' title='bbox 591 1765 729 1828; x_wconf 81' lang='lat' dir='ltr'><strong>„litteren</strong></span> <span class='ocrx_word' id='word_1_174' title='bbox 750 1766 820 1827; x_wconf 92' lang='lat' dir='ltr'><strong>dum</strong></span> <span class='ocrx_word' id='word_1_175' title='bbox 838 1764 975 1846; x_wconf 84' lang='lat' dir='ltr'><strong>theologi</strong></span> <span class='ocrx_word' id='word_1_176' title='bbox 998 1767 1027 1826; x_wconf 92' lang='lat' dir='ltr'><strong>in</strong></span> <span class='ocrx_word' id='word_1_177' title='bbox 1048 1767 1139 1827; x_wconf 90' lang='lat' dir='ltr'><strong>tertia</strong></span> <span class='ocrx_word' id='word_1_178' title='bbox 1159 1764 1332 1826; x_wconf 88' lang='lat' dir='ltr'><strong>adornanda</strong></span> <span class='ocrx_word' id='word_1_179' title='bbox 1349 1764 1477 1826; x_wconf 81' lang='lat' dir='ltr'><strong>tennala</strong></span> <span class='ocrx_word' id='word_1_180' title='bbox 1497 1766 1691 1836; x_wconf 84' lang='lat' dir='ltr'><strong>aestuabant,</strong></span> <span class='ocrx_word' id='word_1_181' title='bbox 1717 1772 1749 1827; x_wconf 89' lang='lat' dir='ltr'><strong>et</strong></span> <span class='ocrx_word' id='word_1_182' title='bbox 1767 1761 1930 1844; x_wconf 84' lang='lat' dir='ltr'><strong>imperator</strong></span> <span class='ocrx_word' id='word_1_183' title='bbox 1956 1785 2024 1826; x_wconf 88' lang='lat' dir='ltr'><strong>cum</strong></span> <span class='ocrx_word' id='word_1_184' title='bbox 2046 1763 2191 1847; x_wconf 88' lang='lat' dir='ltr'><strong>Principi-</strong></span> 
     </span>
     <span class='ocr_line' id='line_1_14' title="bbox 179 1847 2194 1934; baseline -0.001 -18"><span class='ocrx_word' id='word_1_185' title='bbox 179 1850 240 1916; x_wconf 90' lang='lat' dir='ltr'><strong>bus</strong></span> <span class='ocrx_word' id='word_1_186' title='bbox 259 1848 430 1914; x_wconf 79' lang='lat' dir='ltr'><strong>Pontificiis</strong></span> <span class='ocrx_word' id='word_1_187' title='bbox 449 1852 654 1923; x_wconf 80' lang='lat' dir='ltr'><strong>deliberabat,</strong></span> <span class='ocrx_word' id='word_1_188' title='bbox 674 1853 746 1934; x_wconf 91' lang='lat' dir='ltr'><strong>quid</strong></span> <span class='ocrx_word' id='word_1_189' title='bbox 765 1853 794 1914; x_wconf 92' lang='lat' dir='ltr'><strong>in</strong></span> <span class='ocrx_word' id='word_1_190' title='bbox 818 1852 988 1913; x_wconf 88' lang='lat' dir='ltr'><strong>robustam</strong></span> <span class='ocrx_word' id='word_1_191' title='bbox 1007 1852 1190 1932; x_wconf 78' lang='lat' dir='ltr'><strong>ancipitibus</strong></span> <span class='ocrx_word' id='word_1_192' title='bbox 1214 1858 1246 1912; x_wconf 90' lang='lat' dir='ltr'><strong>ei</strong></span> <span class='ocrx_word' id='word_1_193' title='bbox 1262 1853 1391 1933; x_wconf 85' lang='lat' dir='ltr'><strong>trepidis</strong></span> <span class='ocrx_word' id='word_1_194' title='bbox 1412 1852 1601 1924; x_wconf 87' lang='lat' dir='ltr'><strong>laciendum,</strong></span> <span class='ocrx_word' id='word_1_195' title='bbox 1631 1859 1662 1912; x_wconf 92' lang='lat' dir='ltr'><strong>et</strong></span> <span class='ocrx_word' id='word_1_196' title='bbox 1684 1853 1772 1913; x_wconf 87' lang='lat' dir='ltr'><strong>cuius</strong></span> <span class='ocrx_word' id='word_1_197' title='bbox 1800 1854 1920 1912; x_wconf 88' lang='lat' dir='ltr'><strong>nomine</strong></span> <span class='ocrx_word' id='word_1_198' title='bbox 1948 1847 2194 1915; x_wconf 72' lang='lat' dir='ltr'><strong>confutationem</strong></span> 
     </span>
     <span class='ocr_line' id='line_1_15' title="bbox 179 1936 2194 2021; baseline 0.001 -24"><span class='ocrx_word' id='word_1_199' title='bbox 179 1937 342 2018; x_wconf 85' lang='lat' dir='ltr'><strong>parandam</strong></span> <span class='ocrx_word' id='word_1_200' title='bbox 362 1947 393 2001; x_wconf 88' lang='lat' dir='ltr'><strong>ct</strong></span> <span class='ocrx_word' id='word_1_201' title='bbox 410 1938 643 2021; x_wconf 85' lang='lat' dir='ltr'><strong>praelegendam</strong></span> <span class='ocrx_word' id='word_1_202' title='bbox 663 1946 840 2014; x_wconf 87' lang='lat' dir='ltr'><strong>censerent,</strong></span> <span class='ocrx_word' id='word_1_203' title='bbox 858 1945 1000 2000; x_wconf 86' lang='lat' dir='ltr'><strong>auctores</strong></span> <span class='ocrx_word' id='word_1_204' title='bbox 1022 1939 1052 1999; x_wconf 91' lang='lat' dir='ltr'><strong>ei</strong></span> <span class='ocrx_word' id='word_1_205' title='bbox 1075 1936 1211 2009; x_wconf 82' lang='lat' dir='ltr'><strong>luerunt,</strong></span> <span class='ocrx_word' id='word_1_206' title='bbox 1230 1944 1264 1998; x_wconf 92' lang='lat' dir='ltr'><strong>ui</strong></span> <span class='ocrx_word' id='word_1_207' title='bbox 1285 1939 1406 2000; x_wconf 89' lang='lat' dir='ltr'><strong>nomine</strong></span> <span class='ocrx_word' id='word_1_208' title='bbox 1424 1939 1524 2019; x_wconf 91' lang='lat' dir='ltr'><strong>ipsius</strong></span> <span class='ocrx_word' id='word_1_209' title='bbox 1546 1936 1738 2018; x_wconf 87' lang='lat' dir='ltr'><strong>Imperatoris</strong></span> <span class='ocrx_word' id='word_1_210' title='bbox 1757 1945 1789 1999; x_wconf 92' lang='lat' dir='ltr'><strong>ei</strong></span> <span class='ocrx_word' id='word_1_211' title='bbox 1800 1936 2011 2016; x_wconf 88' lang='lat' dir='ltr'><strong>theologorum</strong></span> <span class='ocrx_word' id='word_1_212' title='bbox 2034 1958 2194 2018; x_wconf 88' lang='lat' dir='ltr'><strong>compone·</strong></span> 
     </span>
     <span class='ocr_line' id='line_1_16' title="bbox 178 2022 2194 2109; baseline 0.003 -25"><span class='ocrx_word' id='word_1_213' title='bbox 178 2031 273 2095; x_wconf 87' lang='lat' dir='ltr'><strong>retur,</strong></span> <span class='ocrx_word' id='word_1_214' title='bbox 296 2031 329 2086; x_wconf 88' lang='lat' dir='ltr'><strong>et</strong></span> <span class='ocrx_word' id='word_1_215' title='bbox 345 2030 516 2108; x_wconf 84' lang='lat' dir='ltr'><strong>composita</strong></span> <span class='ocrx_word' id='word_1_216' title='bbox 538 2026 660 2109; x_wconf 89' lang='lat' dir='ltr'><strong>publice</strong></span> <span class='ocrx_word' id='word_1_217' title='bbox 676 2024 911 2107; x_wconf 82' lang='lat' dir='ltr'><strong>praelegeretur.</strong></span> <span class='ocrx_word' id='word_1_218' title='bbox 955 2022 990 2086; x_wconf 89' lang='lat' dir='ltr'><strong>ld</strong></span> <span class='ocrx_word' id='word_1_219' title='bbox 1008 2024 1184 2087; x_wconf 90' lang='lat' dir='ltr'><strong>contirmani</strong></span> <span class='ocrx_word' id='word_1_220' title='bbox 1200 2024 1281 2085; x_wconf 85' lang='lat' dir='ltr'><strong>Acta</strong></span> <span class='ocrx_word' id='word_1_221' title='bbox 1301 2022 1439 2104; x_wconf 85' lang='lat' dir='ltr'><strong>Mogont.</strong></span> <span class='ocrx_word' id='word_1_222' title='bbox 1469 2023 1520 2085; x_wconf 86' lang='lat' dir='ltr'><strong>fol.</strong></span> <span class='ocrx_word' id='word_1_223' title='bbox 1546 2027 1596 2087; x_wconf 85' lang='grc'><strong>76.</strong></span> <span class='ocrx_word' id='word_1_224' title='bbox 1622 2024 1673 2086; x_wconf 92' lang='lat' dir='ltr'><strong>his</strong></span> <span class='ocrx_word' id='word_1_225' title='bbox 1701 2024 1820 2085; x_wconf 81' lang='lat' dir='ltr'><strong>verbis:</strong></span> <span class='ocrx_word' id='word_1_226' title='bbox 1851 2026 2050 2102; x_wconf 65' lang='lat' dir='ltr'><strong>diariirtitn,</strong></span> <span class='ocrx_word' id='word_1_227' title='bbox 2080 2026 2194 2098; x_wconf 76' lang='lat' dir='ltr'><strong>iittttttt</strong></span> 
     </span>
     <span class='ocr_line' id='line_1_17' title="bbox 179 2111 2192 2192; baseline -0.001 -15"><span class='ocrx_word' id='word_1_228' title='bbox 179 2111 234 2178; x_wconf 79' lang='lat' dir='ltr'><strong>trib</strong></span> <span class='ocrx_word' id='word_1_229' title='bbox 257 2111 376 2175; x_wconf 64' lang='lat' dir='ltr'><strong>&amp;territt</strong></span> <span class='ocrx_word' id='word_1_230' title='bbox 394 2120 485 2190; x_wconf 71' lang='lat' dir='ltr'><strong>amica</strong></span> <span class='ocrx_word' id='word_1_231' title='bbox 505 2119 551 2187; x_wconf 82' lang='lat' dir='ltr'><strong>titt</strong></span> <span class='ocrx_word' id='word_1_232' title='bbox 569 2127 633 2192; x_wconf 76' lang='lat' dir='ltr'><strong>qui,</strong></span> <span class='ocrx_word' id='word_1_233' title='bbox 655 2116 709 2189; x_wconf 75' lang='lat' dir='ltr'><strong>boi</strong></span> <span class='ocrx_word' id='word_1_234' title='bbox 726 2117 768 2176; x_wconf 83' lang='lat' dir='ltr'><strong>tte</strong></span> <span class='ocrx_word' id='word_1_235' title='bbox 787 2115 1010 2191; x_wconf 73' lang='lat' dir='ltr'><strong>tbibbrritpunp,</strong></span> <span class='ocrx_word' id='word_1_236' title='bbox 1029 2116 1056 2188; x_wconf 77' lang='lat' dir='ltr'><strong>io</strong></span> <span class='ocrx_word' id='word_1_237' title='bbox 1075 2120 1125 2174; x_wconf 82' lang='lat' dir='ltr'><strong>beu</strong></span> <span class='ocrx_word' id='word_1_238' title='bbox 1145 2115 1210 2187; x_wconf 77' lang='lat' dir='ltr'><strong>tini</strong></span> <span class='ocrx_word' id='word_1_239' title='bbox 1225 2112 1315 2186; x_wconf 73' lang='lat' dir='ltr'><strong>diut-</strong></span> <span class='ocrx_word' id='word_1_240' title='bbox 1334 2119 1387 2174; x_wconf 81' lang='lat' dir='ltr'><strong>ont</strong></span> <span class='ocrx_word' id='word_1_241' title='bbox 1406 2111 1519 2186; x_wconf 58' lang='lat' dir='ltr'><strong>&amp;trien</strong></span> <span class='ocrx_word' id='word_1_242' title='bbox 1542 2116 1591 2183; x_wconf 83' lang='lat' dir='ltr'><strong>out</strong></span> <span class='ocrx_word' id='word_1_243' title='bbox 1618 2114 1654 2183; x_wconf 73' lang='grc'><strong>30</strong></span> <span class='ocrx_word' id='word_1_244' title='bbox 1673 2113 1838 2187; x_wconf 66' lang='lat' dir='ltr'><strong>ffletontnui</strong></span> <span class='ocrx_word' id='word_1_245' title='bbox 1861 2115 1976 2185; x_wconf 76' lang='lat' dir='ltr'><strong>arrietes</strong></span> <span class='ocrx_word' id='word_1_246' title='bbox 2000 2115 2106 2174; x_wconf 80' lang='lat' dir='ltr'><strong>metten</strong></span> <span class='ocrx_word' id='word_1_247' title='bbox 2133 2113 2192 2190; x_wconf 81' lang='lat' dir='ltr'><strong>pit,</strong></span> 
     </span>
     <span class='ocr_line' id='line_1_18' title="bbox 179 2194 2193 2278; baseline -0 -19"><span class='ocrx_word' id='word_1_248' title='bbox 179 2199 209 2260; x_wconf 87' lang='lat' dir='ltr'><strong>in</strong></span> <span class='ocrx_word' id='word_1_249' title='bbox 226 2199 309 2275; x_wconf 76' lang='grc'>1101)).</span> <span class='ocrx_word' id='word_1_250' title='bbox 329 2201 402 2262; x_wconf 63' lang='lat' dir='ltr'><strong>viel.</strong></span> <span class='ocrx_word' id='word_1_251' title='bbox 423 2205 532 2266; x_wconf 71' lang='grc'>1100100</span> <span class='ocrx_word' id='word_1_252' title='bbox 551 2205 603 2265; x_wconf 81' lang='lat' dir='ltr'><strong>tub</strong></span> <span class='ocrx_word' id='word_1_253' title='bbox 622 2205 672 2262; x_wconf 86' lang='lat' dir='ltr'><strong>mit</strong></span> <span class='ocrx_word' id='word_1_254' title='bbox 690 2204 736 2262; x_wconf 85' lang='lat' dir='ltr'><strong>bct</strong></span> <span class='ocrx_word' id='word_1_255' title='bbox 754 2204 837 2277; x_wconf 79' lang='lat' dir='ltr'><strong>pettit</strong></span> <span class='ocrx_word' id='word_1_256' title='bbox 859 2202 947 2277; x_wconf 76' lang='lat' dir='ltr'><strong>prlicit</strong></span> <span class='ocrx_word' id='word_1_257' title='bbox 965 2208 1063 2262; x_wconf 83' lang='lat' dir='ltr'><strong>mette.</strong></span> <span class='ocrx_word' id='word_1_258' title='bbox 1086 2234 1128 2245; x_wconf 92' lang='lat'>—</span> <span class='ocrx_word' id='word_1_259' title='bbox 1153 2194 1224 2270; x_wconf 82' lang='lat' dir='ltr'><strong>Quo</strong></span> <span class='ocrx_word' id='word_1_260' title='bbox 1256 2198 1346 2278; x_wconf 88' lang='lat' dir='ltr'><strong>igitur</strong></span> <span class='ocrx_word' id='word_1_261' title='bbox 1378 2194 1550 2277; x_wconf 81' lang='lat' dir='ltr'><strong>Principum</strong></span> <span class='ocrx_word' id='word_1_262' title='bbox 1573 2198 1698 2259; x_wconf 89' lang='lat' dir='ltr'><strong>decreto</strong></span> <span class='ocrx_word' id='word_1_263' title='bbox 1722 2198 1918 2258; x_wconf 89' lang='lat' dir='ltr'><strong>constitutum</strong></span> <span class='ocrx_word' id='word_1_264' title='bbox 1948 2195 2083 2272; x_wconf 86' lang='lat' dir='ltr'><strong>videtur,</strong></span> <span class='ocrx_word' id='word_1_265' title='bbox 2112 2203 2146 2259; x_wconf 91' lang='lat' dir='ltr'><strong>ui</strong></span> <span class='ocrx_word' id='word_1_266' title='bbox 2173 2214 2193 2258; x_wconf 90' lang='lat' dir='ltr'><strong>a</strong></span> 
     </span>
     <span class='ocr_line' id='line_1_19' title="bbox 178 2281 2194 2365; baseline 0.001 -21"><span class='ocrx_word' id='word_1_267' title='bbox 178 2281 334 2362; x_wconf 85' lang='lat' dir='ltr'><strong>theologis</strong></span> <span class='ocrx_word' id='word_1_268' title='bbox 357 2286 474 2360; x_wconf 88' lang='lat' dir='ltr'><strong>iterum,</strong></span> <span class='ocrx_word' id='word_1_269' title='bbox 493 2287 522 2348; x_wconf 91' lang='lat' dir='ltr'><strong>h.</strong></span> <span class='ocrx_word' id='word_1_270' title='bbox 547 2300 576 2348; x_wconf 84' lang='lat' dir='ltr'><strong>e&#39;.</strong></span> <span class='ocrx_word' id='word_1_271' title='bbox 598 2288 686 2348; x_wconf 87' lang='lat' dir='ltr'><strong>tertio</strong></span> <span class='ocrx_word' id='word_1_272' title='bbox 705 2285 901 2365; x_wconf 87' lang='lat' dir='ltr'><strong>refingeretur</strong></span> <span class='ocrx_word' id='word_1_273' title='bbox 924 2284 1100 2354; x_wconf 77' lang='lat' dir='ltr'><strong>confutatio,</strong></span> <span class='ocrx_word' id='word_1_274' title='bbox 1124 2302 1160 2343; x_wconf 91' lang='lat' dir='ltr'><strong>ac</strong></span> <span class='ocrx_word' id='word_1_275' title='bbox 1184 2284 1305 2344; x_wconf 89' lang='lat' dir='ltr'><strong>nornine</strong></span> <span class='ocrx_word' id='word_1_276' title='bbox 1328 2281 1521 2363; x_wconf 85' lang='lat' dir='ltr'><strong>hupcratoris</strong></span> <span class='ocrx_word' id='word_1_277' title='bbox 1544 2291 1576 2345; x_wconf 90' lang='lat' dir='ltr'><strong>et</strong></span> <span class='ocrx_word' id='word_1_278' title='bbox 1597 2283 1808 2364; x_wconf 89' lang='lat' dir='ltr'><strong>theologorum</strong></span> <span class='ocrx_word' id='word_1_279' title='bbox 1833 2282 2043 2355; x_wconf 80' lang='lat' dir='ltr'><strong>adornaretur,</strong></span> <span class='ocrx_word' id='word_1_280' title='bbox 2066 2281 2135 2355; x_wconf 88' lang='lat' dir='ltr'><strong>vel,</strong></span> <span class='ocrx_word' id='word_1_281' title='bbox 2158 2290 2194 2346; x_wconf 89' lang='lat' dir='ltr'><strong>ut</strong></span> 
     </span>
     <span class='ocr_line' id='line_1_20' title="bbox 180 2364 2193 2454; baseline 0.001 -25"><span class='ocrx_word' id='word_1_282' title='bbox 180 2364 358 2431; x_wconf 76' lang='lat' dir='ltr'><strong>cochlaeus</strong></span> <span class='ocrx_word' id='word_1_283' title='bbox 381 2381 480 2434; x_wconf 82' lang='lat' dir='ltr'><strong>nanat</strong></span> <span class='ocrx_word' id='word_1_284' title='bbox 491 2373 574 2453; x_wconf 91' lang='lat' dir='ltr'><strong>[loco</strong></span> <span class='ocrx_word' id='word_1_285' title='bbox 584 2392 679 2454; x_wconf 87' lang='lat' dir='ltr'><strong>supra</strong></span> <span class='ocrx_word' id='word_1_286' title='bbox 695 2391 726 2452; x_wconf 88' lang='lat' dir='ltr'><strong>p.</strong></span> <span class='ocrx_word' id='word_1_287' title='bbox 749 2377 784 2432; x_wconf 91' lang='lat'><strong>11</strong></span> <span class='ocrx_word' id='word_1_288' title='bbox 799 2391 847 2451; x_wconf 89' lang='lat' dir='ltr'><strong>sq.</strong></span> <span class='ocrx_word' id='word_1_289' title='bbox 870 2370 994 2448; x_wconf 87' lang='lat' dir='ltr'><strong>alleto],</strong></span> <span class='ocrx_word' id='word_1_290' title='bbox 1020 2370 1296 2431; x_wconf 86' lang='lat' dir='ltr'><strong>transscriberetur.</strong></span> <span class='ocrx_word' id='word_1_291' title='bbox 1341 2369 1462 2432; x_wconf 84' lang='lat' dir='ltr'><strong>Etenim</strong></span> <span class='ocrx_word' id='word_1_292' title='bbox 1487 2390 1554 2432; x_wconf 89' lang='lat' dir='ltr'><strong>curn</strong></span> <span class='ocrx_word' id='word_1_293' title='bbox 1572 2369 1624 2431; x_wconf 89' lang='lat' dir='ltr'><strong>bic</strong></span> <span class='ocrx_word' id='word_1_294' title='bbox 1636 2390 1703 2431; x_wconf 89' lang='lat' dir='ltr'><strong>earn</strong></span> <span class='ocrx_word' id='word_1_295' title='bbox 1717 2372 1775 2430; x_wconf 91' lang='lat' dir='ltr'><strong>inm</strong></span> <span class='ocrx_word' id='word_1_296' title='bbox 1787 2370 1955 2430; x_wconf 89' lang='lat' dir='ltr'><strong>breviorem</strong></span> <span class='ocrx_word' id='word_1_297' title='bbox 1969 2369 2079 2430; x_wconf 87' lang='lat' dir='ltr'><strong>lactem</strong></span> <span class='ocrx_word' id='word_1_298' title='bbox 2092 2368 2193 2431; x_wconf 84' lang='lat' dir='ltr'><strong>luisse</strong></span> 
     </span>
     <span class='ocr_line' id='line_1_21' title="bbox 177 2454 2192 2538; baseline 0 -20"><span class='ocrx_word' id='word_1_299' title='bbox 177 2455 287 2528; x_wconf 72' lang='lat' dir='ltr'><strong>undat,</strong></span> <span class='ocrx_word' id='word_1_300' title='bbox 306 2476 364 2518; x_wconf 94' lang='lat' dir='ltr'><strong>non</strong></span> <span class='ocrx_word' id='word_1_301' title='bbox 381 2478 508 2538; x_wconf 85' lang='lat' dir='ltr'><strong>prorsus</strong></span> <span class='ocrx_word' id='word_1_302' title='bbox 526 2461 682 2521; x_wconf 88' lang='lat' dir='ltr'><strong>immutata</strong></span> <span class='ocrx_word' id='word_1_303' title='bbox 702 2465 735 2519; x_wconf 93' lang='lat' dir='ltr'><strong>et</strong></span> <span class='ocrx_word' id='word_1_304' title='bbox 756 2458 871 2529; x_wconf 88' lang='lat' dir='ltr'><strong>relicta,</strong></span> <span class='ocrx_word' id='word_1_305' title='bbox 888 2457 948 2518; x_wconf 87' lang='lat' dir='ltr'><strong>sed</strong></span> <span class='ocrx_word' id='word_1_306' title='bbox 965 2456 1056 2518; x_wconf 89' lang='lat' dir='ltr'><strong>modo</strong></span> <span class='ocrx_word' id='word_1_307' title='bbox 1078 2457 1119 2517; x_wconf 87' lang='lat' dir='ltr'><strong>ita</strong></span> <span class='ocrx_word' id='word_1_308' title='bbox 1137 2476 1215 2517; x_wconf 88' lang='lat' dir='ltr'><strong>nunc</strong></span> <span class='ocrx_word' id='word_1_309' title='bbox 1237 2456 1357 2518; x_wconf 83' lang='lat' dir='ltr'><strong>videtur</strong></span> <span class='ocrx_word' id='word_1_310' title='bbox 1374 2463 1493 2536; x_wconf 90' lang='lat' dir='ltr'><strong>parata,</strong></span> <span class='ocrx_word' id='word_1_311' title='bbox 1517 2463 1551 2518; x_wconf 91' lang='lat' dir='ltr'><strong>ut</strong></span> <span class='ocrx_word' id='word_1_312' title='bbox 1573 2477 1681 2518; x_wconf 91' lang='lat' dir='ltr'><strong>nomen</strong></span> <span class='ocrx_word' id='word_1_313' title='bbox 1705 2454 1898 2536; x_wconf 91' lang='lat' dir='ltr'><strong>lmpcratoris</strong></span> <span class='ocrx_word' id='word_1_314' title='bbox 1922 2461 1953 2516; x_wconf 92' lang='lat' dir='ltr'><strong>et</strong></span> <span class='ocrx_word' id='word_1_315' title='bbox 1980 2455 2192 2537; x_wconf 83' lang='lat' dir='ltr'><strong>theologorum</strong></span> 
     </span>
     <span class='ocr_line' id='line_1_22' title="bbox 177 2540 2191 2625; baseline 0.001 -25"><span class='ocrx_word' id='word_1_316' title='bbox 177 2550 431 2624; x_wconf 86' lang='lat' dir='ltr'><strong>praeponeretur,</strong></span> <span class='ocrx_word' id='word_1_317' title='bbox 450 2547 543 2625; x_wconf 92' lang='lat' dir='ltr'><strong>inque</strong></span> <span class='ocrx_word' id='word_1_318' title='bbox 565 2565 603 2605; x_wconf 88' lang='lat' dir='ltr'><strong>ea</strong></span> <span class='ocrx_word' id='word_1_319' title='bbox 627 2564 706 2605; x_wconf 89' lang='lat' dir='ltr'><strong>nnnc</strong></span> <span class='ocrx_word' id='word_1_320' title='bbox 729 2540 894 2622; x_wconf 83' lang='lat' dir='ltr'><strong>imperator</strong></span> <span class='ocrx_word' id='word_1_321' title='bbox 917 2543 1050 2622; x_wconf 85' lang='lat' dir='ltr'><strong>iuberet,</strong></span> <span class='ocrx_word' id='word_1_322' title='bbox 1075 2547 1211 2602; x_wconf 91' lang='lat' dir='ltr'><strong>moneret</strong></span> <span class='ocrx_word' id='word_1_323' title='bbox 1233 2549 1265 2602; x_wconf 90' lang='lat' dir='ltr'><strong>et</strong></span> <span class='ocrx_word' id='word_1_324' title='bbox 1292 2540 1501 2603; x_wconf 87' lang='lat' dir='ltr'><strong>exhortaretur</strong></span> <span class='ocrx_word' id='word_1_325' title='bbox 1527 2540 1736 2612; x_wconf 85' lang='lat' dir='ltr'><strong>Lutberanos,</strong></span> <span class='ocrx_word' id='word_1_326' title='bbox 1757 2563 1845 2603; x_wconf 84' lang='lat' dir='ltr'><strong>nnnc</strong></span> <span class='ocrx_word' id='word_1_327' title='bbox 1869 2541 2006 2621; x_wconf 88' lang='lat' dir='ltr'><strong>theologi</strong></span> <span class='ocrx_word' id='word_1_328' title='bbox 2035 2541 2191 2615; x_wconf 86' lang='lat' dir='ltr'><strong>docerent,</strong></span> 
     </span>
     <span class='ocr_line' id='line_1_23' title="bbox 178 2623 2192 2708; baseline 0.002 -22"><span class='ocrx_word' id='word_1_329' title='bbox 178 2627 388 2688; x_wconf 86' lang='lat' dir='ltr'><strong>confirmarent</strong></span> <span class='ocrx_word' id='word_1_330' title='bbox 405 2632 591 2708; x_wconf 79' lang='lat' dir='ltr'><strong>argumentis</strong></span> <span class='ocrx_word' id='word_1_331' title='bbox 609 2649 668 2689; x_wconf 90' lang='lat' dir='ltr'><strong>sua</strong></span> <span class='ocrx_word' id='word_1_332' title='bbox 689 2634 721 2688; x_wconf 91' lang='lat' dir='ltr'><strong>et</strong></span> <span class='ocrx_word' id='word_1_333' title='bbox 742 2626 917 2688; x_wconf 81' lang='lat' dir='ltr'><strong>refellerent</strong></span> <span class='ocrx_word' id='word_1_334' title='bbox 937 2629 1018 2705; x_wconf 83' lang='lat' dir='ltr'><strong>Aug.</strong></span> <span class='ocrx_word' id='word_1_335' title='bbox 1037 2623 1255 2687; x_wconf 79' lang='lat' dir='ltr'><strong>consessionis</strong></span> <span class='ocrx_word' id='word_1_336' title='bbox 1278 2626 1398 2706; x_wconf 91' lang='lat' dir='ltr'><strong>placita.</strong></span> <span class='ocrx_word' id='word_1_337' title='bbox 1419 2664 1460 2674; x_wconf 86' lang='lat'>-</span> <span class='ocrx_word' id='word_1_338' title='bbox 1479 2664 1520 2676; x_wconf 94' lang='lat'><em>-</em></span> <span class='ocrx_word' id='word_1_339' title='bbox 1543 2628 1607 2689; x_wconf 88' lang='lat' dir='ltr'><strong>Sed</strong></span> <span class='ocrx_word' id='word_1_340' title='bbox 1630 2632 1731 2708; x_wconf 85' lang='lat' dir='ltr'><strong>neque</strong></span> <span class='ocrx_word' id='word_1_341' title='bbox 1757 2630 1816 2688; x_wconf 89' lang='lat' dir='ltr'><strong>ista</strong></span> <span class='ocrx_word' id='word_1_342' title='bbox 1839 2631 1929 2689; x_wconf 90' lang='lat' dir='ltr'><strong>tertio</strong></span> <span class='ocrx_word' id='word_1_343' title='bbox 1952 2648 2064 2689; x_wconf 88' lang='lat' dir='ltr'><strong>recusa</strong></span> <span class='ocrx_word' id='word_1_344' title='bbox 2088 2628 2192 2690; x_wconf 87' lang='lat' dir='ltr'><strong>conlu-</strong></span> 
     </span>
     <span class='ocr_line' id='line_1_24' title="bbox 178 2709 2193 2795; baseline 0.002 -23"><span class='ocrx_word' id='word_1_345' title='bbox 178 2712 305 2772; x_wconf 89' lang='lat' dir='ltr'><strong>taiiouis</strong></span> <span class='ocrx_word' id='word_1_346' title='bbox 323 2711 459 2795; x_wconf 29' lang='lat' dir='ltr'><strong>formula·</strong></span> <span class='ocrx_word' id='word_1_347' title='bbox 471 2716 591 2775; x_wconf 88' lang='lat' dir='ltr'><strong>omnino</strong></span> <span class='ocrx_word' id='word_1_348' title='bbox 609 2714 728 2775; x_wconf 82' lang='lat' dir='ltr'><strong>ridetur</strong></span> <span class='ocrx_word' id='word_1_349' title='bbox 745 2712 944 2774; x_wconf 78' lang='lat' dir='ltr'><strong>satisfecisse</strong></span> <span class='ocrx_word' id='word_1_350' title='bbox 960 2709 1153 2793; x_wconf 86' lang='lat' dir='ltr'><strong>imperatoris</strong></span> <span class='ocrx_word' id='word_1_351' title='bbox 1175 2717 1206 2772; x_wconf 91' lang='lat' dir='ltr'><strong>ei</strong></span> <span class='ocrx_word' id='word_1_352' title='bbox 1223 2709 1395 2793; x_wconf 86' lang='lat' dir='ltr'><strong>Principum</strong></span> <span class='ocrx_word' id='word_1_353' title='bbox 1414 2710 1628 2774; x_wconf 86' lang='lat' dir='ltr'><strong>catholicorum</strong></span> <span class='ocrx_word' id='word_1_354' title='bbox 1647 2715 1849 2793; x_wconf 89' lang='lat' dir='ltr'><strong>expectationi</strong></span> <span class='ocrx_word' id='word_1_355' title='bbox 1868 2721 1900 2775; x_wconf 90' lang='lat' dir='ltr'><strong>et</strong></span> <span class='ocrx_word' id='word_1_356' title='bbox 1921 2712 2079 2779; x_wconf 87' lang='lat' dir='ltr'><strong>voluntati.</strong></span> <span class='ocrx_word' id='word_1_357' title='bbox 2117 2713 2193 2776; x_wconf 87' lang='lat' dir='ltr'><strong>Ete-</strong></span> 
     </span>
     <span class='ocr_line' id='line_1_25' title="bbox 177 2794 2192 2882; baseline 0.001 -24"><span class='ocrx_word' id='word_1_358' title='bbox 177 2797 239 2858; x_wconf 86' lang='lat' dir='ltr'><strong>nim</strong></span> <span class='ocrx_word' id='word_1_359' title='bbox 258 2816 349 2876; x_wconf 88' lang='lat' dir='ltr'><strong>qnum</strong></span> <span class='ocrx_word' id='word_1_360' title='bbox 367 2807 578 2880; x_wconf 83' lang='lat' dir='ltr'><strong>reputassent,</strong></span> <span class='ocrx_word' id='word_1_361' title='bbox 601 2818 691 2881; x_wconf 82' lang='lat' dir='ltr'><strong>quant</strong></span> <span class='ocrx_word' id='word_1_362' title='bbox 713 2797 793 2859; x_wconf 89' lang='lat' dir='ltr'><strong>male</strong></span> <span class='ocrx_word' id='word_1_363' title='bbox 810 2798 949 2859; x_wconf 86' lang='lat' dir='ltr'><strong>audirent</strong></span> <span class='ocrx_word' id='word_1_364' title='bbox 964 2796 1102 2878; x_wconf 88' lang='lat' dir='ltr'><strong>theologi</strong></span> <span class='ocrx_word' id='word_1_365' title='bbox 1124 2794 1275 2859; x_wconf 80' lang='lat' dir='ltr'><strong>Pouiidcii</strong></span> <span class='ocrx_word' id='word_1_366' title='bbox 1293 2819 1311 2859; x_wconf 91' lang='lat' dir='ltr'><strong>a</strong></span> <span class='ocrx_word' id='word_1_367' title='bbox 1329 2797 1532 2871; x_wconf 72' lang='lat' dir='ltr'><strong>bathemam,</strong></span> <span class='ocrx_word' id='word_1_368' title='bbox 1551 2807 1583 2860; x_wconf 93' lang='lat' dir='ltr'><strong>et</strong></span> <span class='ocrx_word' id='word_1_369' title='bbox 1608 2819 1698 2878; x_wconf 88' lang='lat' dir='ltr'><strong>quatu</strong></span> <span class='ocrx_word' id='word_1_370' title='bbox 1728 2800 1827 2860; x_wconf 85' lang='lat' dir='ltr'><strong>invisa</strong></span> <span class='ocrx_word' id='word_1_371' title='bbox 1851 2807 1940 2861; x_wconf 91' lang='lat' dir='ltr'><strong>esset</strong></span> <span class='ocrx_word' id='word_1_372' title='bbox 1963 2798 2013 2860; x_wconf 85' lang='lat' dir='ltr'><strong>his</strong></span> <span class='ocrx_word' id='word_1_373' title='bbox 2038 2803 2192 2882; x_wconf 83' lang='lat' dir='ltr'><strong>asperitas</strong></span> 
     </span>
     <span class='ocr_line' id='line_1_26' title="bbox 179 2880 2192 2964; baseline 0.003 -22"><span class='ocrx_word' id='word_1_374' title='bbox 179 2880 315 2955; x_wconf 88' lang='lat' dir='ltr'><strong>illorum,</strong></span> <span class='ocrx_word' id='word_1_375' title='bbox 334 2901 413 2963; x_wconf 85' lang='lat' dir='ltr'><strong>quae</strong></span> <span class='ocrx_word' id='word_1_376' title='bbox 431 2885 623 2948; x_wconf 89' lang='lat' dir='ltr'><strong>hauddubie</strong></span> <span class='ocrx_word' id='word_1_377' title='bbox 644 2890 675 2947; x_wconf 92' lang='lat' dir='ltr'><strong>in</strong></span> <span class='ocrx_word' id='word_1_378' title='bbox 693 2883 821 2946; x_wconf 81' lang='lat' dir='ltr'><strong>formula</strong></span> <span class='ocrx_word' id='word_1_379' title='bbox 837 2886 927 2946; x_wconf 88' lang='lat' dir='ltr'><strong>tertio</strong></span> <span class='ocrx_word' id='word_1_380' title='bbox 950 2884 1055 2944; x_wconf 82' lang='lat' dir='ltr'><strong>rebcta</strong></span> <span class='ocrx_word' id='word_1_381' title='bbox 1072 2882 1172 2945; x_wconf 90' lang='lat' dir='ltr'><strong>adhuc</strong></span> <span class='ocrx_word' id='word_1_382' title='bbox 1188 2882 1347 2959; x_wconf 80' lang='lat' dir='ltr'><strong>tremebat,</strong></span> <span class='ocrx_word' id='word_1_383' title='bbox 1370 2891 1475 2964; x_wconf 89' lang='lat' dir='ltr'><strong>quarto</strong></span> <span class='ocrx_word' id='word_1_384' title='bbox 1494 2885 1702 2956; x_wconf 84' lang='lat' dir='ltr'><strong>decreverunt,</strong></span> <span class='ocrx_word' id='word_1_385' title='bbox 1720 2892 1770 2957; x_wconf 91' lang='lat' dir='ltr'><strong>ut,</strong></span> <span class='ocrx_word' id='word_1_386' title='bbox 1795 2892 1860 2947; x_wconf 88' lang='lat' dir='ltr'><strong>tota</strong></span> <span class='ocrx_word' id='word_1_387' title='bbox 1880 2907 1913 2947; x_wconf 90' lang='lat' dir='ltr'><strong>re</strong></span> <span class='ocrx_word' id='word_1_388' title='bbox 1938 2889 2107 2948; x_wconf 89' lang='lat' dir='ltr'><strong>auctoritati</strong></span> <span class='ocrx_word' id='word_1_389' title='bbox 2136 2884 2192 2949; x_wconf 89' lang='lat' dir='ltr'><strong>lm·</strong></span> 
     </span>
     <span class='ocr_line' id='line_1_27' title="bbox 175 2968 1929 3053; baseline 0.002 -24"><span class='ocrx_word' id='word_1_390' title='bbox 175 2968 326 3047; x_wconf 87' lang='lat' dir='ltr'><strong>paratoria</strong></span> <span class='ocrx_word' id='word_1_391' title='bbox 348 2973 506 3049; x_wconf 88' lang='lat' dir='ltr'><strong>permissa,</strong></span> <span class='ocrx_word' id='word_1_392' title='bbox 525 2970 701 3034; x_wconf 72' lang='lat' dir='ltr'><strong>confutatio</strong></span> <span class='ocrx_word' id='word_1_393' title='bbox 722 2969 814 3032; x_wconf 90' lang='lat' dir='ltr'><strong>modo</strong></span> <span class='ocrx_word' id='word_1_394' title='bbox 836 2971 959 3031; x_wconf 90' lang='lat' dir='ltr'><strong>nomiae</strong></span> <span class='ocrx_word' id='word_1_395' title='bbox 977 2971 1046 3031; x_wconf 86' lang='lat' dir='ltr'><strong>eiua</strong></span> <span class='ocrx_word' id='word_1_396' title='bbox 1065 2978 1306 3050; x_wconf 90' lang='lat' dir='ltr'><strong>componeretur,</strong></span> <span class='ocrx_word' id='word_1_397' title='bbox 1323 2977 1417 3051; x_wconf 86' lang='lat' dir='ltr'><strong>atque</strong></span> <span class='ocrx_word' id='word_1_398' title='bbox 1439 2969 1511 3033; x_wconf 87' lang='lat' dir='ltr'><strong>binc</strong></span> <span class='ocrx_word' id='word_1_399' title='bbox 1533 2971 1654 3034; x_wconf 81' lang='lat' dir='ltr'><strong>dentum</strong></span> <span class='ocrx_word' id='word_1_400' title='bbox 1676 2971 1929 3053; x_wconf 69' lang='lat' dir='ltr'><strong>praelegeretur.e</strong></span> 
     </span>
    </p>
   </div>
   <div class='ocr_carea' id='block_1_9' title="bbox 330 3086 1984 3181">
    <p class='ocr_par' dir='ltr' id='par_1_10' title="bbox 330 3086 1984 3181">
     <span class='ocr_line' id='line_1_28' title="bbox 330 3086 1984 3181; baseline 0.001 -30"><span class='ocrx_word' id='word_1_401' title='bbox 330 3086 380 3152; x_wconf 85' lang='lat' dir='ltr'><strong>llx</strong></span> <span class='ocrx_word' id='word_1_402' title='bbox 397 3091 447 3168; x_wconf 88' lang='lat' dir='ltr'><strong>bis</strong></span> <span class='ocrx_word' id='word_1_403' title='bbox 471 3089 660 3174; x_wconf 86' lang='lat' dir='ltr'><strong>intelligitur,</strong></span> <span class='ocrx_word' id='word_1_404' title='bbox 682 3110 702 3151; x_wconf 89' lang='lat' dir='ltr'><strong>a</strong></span> <span class='ocrx_word' id='word_1_405' title='bbox 717 3089 909 3153; x_wconf 80' lang='lat' dir='ltr'><strong>Muellero</strong></span> <span class='ocrx_word' id='word_1_406' title='bbox 928 3096 1056 3181; x_wconf 75' lang='lat' dir='ltr'><strong>quatuor</strong></span> <span class='ocrx_word' id='word_1_407' title='bbox 1073 3091 1192 3172; x_wconf 89' lang='lat' dir='ltr'><strong>priores</strong></span> <span class='ocrx_word' id='word_1_408' title='bbox 1212 3086 1438 3154; x_wconf 71' lang='lat' dir='ltr'><strong>confutationis</strong></span> <span class='ocrx_word' id='word_1_409' title='bbox 1456 3091 1568 3154; x_wconf 87' lang='lat' dir='ltr'><strong>latinae</strong></span> <span class='ocrx_word' id='word_1_410' title='bbox 1586 3091 1730 3154; x_wconf 81' lang='lat' dir='ltr'><strong>tonnulae</strong></span> <span class='ocrx_word' id='word_1_411' title='bbox 1753 3093 1801 3154; x_wconf 89' lang='lat' dir='ltr'><strong>sic</strong></span> <span class='ocrx_word' id='word_1_412' title='bbox 1819 3092 1984 3173; x_wconf 76' lang='lat' dir='ltr'><strong>distinguit</strong></span> 
     </span>
    </p>
   </div>
   <div class='ocr_carea' id='block_1_10' title="bbox 380 3226 2191 3311">
    <p class='ocr_par' dir='ltr' id='par_1_11' title="bbox 380 3226 2191 3311">
     <span class='ocr_line' id='line_1_29' title="bbox 380 3226 2191 3311; baseline 0.002 -19"><span class='ocrx_word' id='word_1_413' title='bbox 380 3231 485 3310; x_wconf 80' lang='lat' dir='ltr'><strong>prima</strong></span> <span class='ocrx_word' id='word_1_414' title='bbox 506 3231 665 3292; x_wconf 81' lang='lat' dir='ltr'><strong>verbosior</strong></span> <span class='ocrx_word' id='word_1_415' title='bbox 687 3237 719 3292; x_wconf 92' lang='lat' dir='ltr'><strong>et</strong></span> <span class='ocrx_word' id='word_1_416' title='bbox 738 3229 843 3301; x_wconf 87' lang='lat' dir='ltr'><strong>acrior,</strong></span> <span class='ocrx_word' id='word_1_417' title='bbox 865 3227 1076 3309; x_wconf 88' lang='lat' dir='ltr'><strong>theologorum</strong></span> <span class='ocrx_word' id='word_1_418' title='bbox 1094 3226 1310 3291; x_wconf 87' lang='lat' dir='ltr'><strong>catholicorum</strong></span> <span class='ocrx_word' id='word_1_419' title='bbox 1329 3230 1450 3291; x_wconf 91' lang='lat' dir='ltr'><strong>nomine</strong></span> <span class='ocrx_word' id='word_1_420' title='bbox 1467 3230 1640 3311; x_wconf 86' lang='lat' dir='ltr'><strong>conscripta</strong></span> <span class='ocrx_word' id='word_1_421' title='bbox 1656 3238 1689 3293; x_wconf 90' lang='lat' dir='ltr'><strong>et</strong></span> <span class='ocrx_word' id='word_1_422' title='bbox 1708 3237 1771 3295; x_wconf 89' lang='lat' dir='ltr'><strong>tota</strong></span> <span class='ocrx_word' id='word_1_423' title='bbox 1792 3230 1831 3293; x_wconf 89' lang='lat' dir='ltr'><strong>ad</strong></span> <span class='ocrx_word' id='word_1_424' title='bbox 1855 3228 1956 3293; x_wconf 79' lang='lat' dir='ltr'><strong>solunt</strong></span> <span class='ocrx_word' id='word_1_425' title='bbox 1978 3227 2191 3311; x_wconf 84' lang='lat' dir='ltr'><strong>imperatorem</strong></span> 
     </span>
    </p>
   </div>
   <div class='ocr_carea' id='block_1_11' title="bbox 426 3312 2313 3401">
    <p class='ocr_par' dir='ltr' id='par_1_12' title="bbox 426 3312 2313 3401">
     <span class='ocr_line' id='line_1_30' title="bbox 426 3312 2313 3401; baseline 0.001 -23"><span class='ocrx_word' id='word_1_426' title='bbox 426 3336 586 3391; x_wconf 81' lang='lat' dir='ltr'><strong>conversa,</strong></span> <span class='ocrx_word' id='word_1_427' title='bbox 607 3318 700 3396; x_wconf 88' lang='lat' dir='ltr'><strong>eique</strong></span> <span class='ocrx_word' id='word_1_428' title='bbox 717 3336 786 3378; x_wconf 89' lang='lat' dir='ltr'><strong>cum</strong></span> <span class='ocrx_word' id='word_1_429' title='bbox 806 3315 946 3395; x_wconf 88' lang='lat' dir='ltr'><strong>pluribus</strong></span> <span class='ocrx_word' id='word_1_430' title='bbox 964 3314 1034 3375; x_wconf 87' lang='lat' dir='ltr'><strong>aliis</strong></span> <span class='ocrx_word' id='word_1_431' title='bbox 1053 3312 1169 3376; x_wconf 89' lang='lat' dir='ltr'><strong>libellis</strong></span> <span class='ocrx_word' id='word_1_432' title='bbox 1191 3314 1221 3378; x_wconf 92' lang='lat' dir='ltr'><strong>d.</strong></span> <span class='ocrx_word' id='word_1_433' title='bbox 1244 3313 1371 3378; x_wconf 86' lang='lat' dir='ltr'><strong>lti.lulii</strong></span> <span class='ocrx_word' id='word_1_434' title='bbox 1389 3334 1409 3376; x_wconf 91' lang='lat' dir='ltr'><strong>a</strong></span> <span class='ocrx_word' id='word_1_435' title='bbox 1430 3314 1585 3396; x_wconf 88' lang='lat' dir='ltr'><strong>theologis</strong></span> <span class='ocrx_word' id='word_1_436' title='bbox 1607 3317 1730 3389; x_wconf 89' lang='lat' dir='ltr'><strong>tradita,</strong></span> <span class='ocrx_word' id='word_1_437' title='bbox 1753 3338 1812 3379; x_wconf 91' lang='lat' dir='ltr'><strong>nou</strong></span> <span class='ocrx_word' id='word_1_438' title='bbox 1829 3316 1954 3398; x_wconf 90' lang='lat' dir='ltr'><strong>publice</strong></span> <span class='ocrx_word' id='word_1_439' title='bbox 1970 3315 2190 3401; x_wconf 73' lang='lat' dir='ltr'><strong>praelegendat</strong></span> <span class='ocrx_word' id='word_1_440' title='bbox 2308 3325 2313 3340; x_wconf 81' lang='grc'><strong>“</strong></span> 
     </span>
    </p>
   </div>
   <div class='ocr_carea' id='block_1_12' title="bbox 383 3425 2190 3603">
    <p class='ocr_par' dir='ltr' id='par_1_13' title="bbox 383 3425 2190 3603">
     <span class='ocr_line' id='line_1_31' title="bbox 383 3425 2190 3512; baseline 0.003 -24"><span class='ocrx_word' id='word_1_441' title='bbox 383 3427 521 3491; x_wconf 81' lang='lat' dir='ltr'><strong>secando</strong></span> <span class='ocrx_word' id='word_1_442' title='bbox 541 3428 661 3489; x_wconf 88' lang='lat' dir='ltr'><strong>brevior</strong></span> <span class='ocrx_word' id='word_1_443' title='bbox 677 3428 848 3507; x_wconf 83' lang='lat' dir='ltr'><strong>mitiorque,</strong></span> <span class='ocrx_word' id='word_1_444' title='bbox 865 3425 1077 3506; x_wconf 82' lang='lat' dir='ltr'><strong>theologorum</strong></span> <span class='ocrx_word' id='word_1_445' title='bbox 1096 3425 1312 3489; x_wconf 80' lang='lat' dir='ltr'><strong>catholicorum</strong></span> <span class='ocrx_word' id='word_1_446' title='bbox 1331 3429 1454 3489; x_wconf 87' lang='lat' dir='ltr'><strong>nomine</strong></span> <span class='ocrx_word' id='word_1_447' title='bbox 1471 3429 1644 3510; x_wconf 89' lang='lat' dir='ltr'><strong>conscripta</strong></span> <span class='ocrx_word' id='word_1_448' title='bbox 1660 3437 1692 3493; x_wconf 89' lang='lat' dir='ltr'><strong>ei</strong></span> <span class='ocrx_word' id='word_1_449' title='bbox 1709 3435 1773 3492; x_wconf 91' lang='lat' dir='ltr'><strong>tota</strong></span> <span class='ocrx_word' id='word_1_450' title='bbox 1790 3429 1829 3492; x_wconf 88' lang='lat' dir='ltr'><strong>ad</strong></span> <span class='ocrx_word' id='word_1_451' title='bbox 1851 3427 1952 3492; x_wconf 89' lang='lat' dir='ltr'><strong>solum</strong></span> <span class='ocrx_word' id='word_1_452' title='bbox 1976 3427 2190 3512; x_wconf 84' lang='lat' dir='ltr'><strong>imperatorem</strong></span> 
     </span>
     <span class='ocr_line' id='line_1_32' title="bbox 425 3511 1045 3603; baseline -0.006 -27"><span class='ocrx_word' id='word_1_453' title='bbox 425 3533 583 3591; x_wconf 84' lang='lat' dir='ltr'><strong>conversa,</strong></span> <span class='ocrx_word' id='word_1_454' title='bbox 605 3535 664 3594; x_wconf 80' lang='lat' dir='ltr'><strong>aon</strong></span> <span class='ocrx_word' id='word_1_455' title='bbox 686 3511 1045 3603; x_wconf 78' lang='lat' dir='ltr'><strong>publicepraelegenda3</strong></span> 
     </span>
    </p>
   </div>
   <div class='ocr_carea' id='block_1_13' title="bbox 382 3621 2213 3794">
    <p class='ocr_par' dir='ltr' id='par_1_14' title="bbox 382 3621 2213 3794">
     <span class='ocr_line' id='line_1_33' title="bbox 382 3621 2213 3776; baseline 0.001 -86"><span class='ocrx_word' id='word_1_456' title='bbox 382 3629 479 3776; x_wconf 63' lang='lat' dir='ltr'><strong>teritio</strong></span> <span class='ocrx_word' id='word_1_457' title='bbox 501 3627 621 3774; x_wconf 64' lang='lat' dir='ltr'><strong>bpevior</strong></span> <span class='ocrx_word' id='word_1_458' title='bbox 640 3628 814 3706; x_wconf 85' lang='lat' dir='ltr'><strong>mitiorque,</strong></span> <span class='ocrx_word' id='word_1_459' title='bbox 836 3625 958 3687; x_wconf 91' lang='lat' dir='ltr'><strong>nomine</strong></span> <span class='ocrx_word' id='word_1_460' title='bbox 981 3621 1171 3705; x_wconf 88' lang='lat' dir='ltr'><strong>lmpemtoris</strong></span> <span class='ocrx_word' id='word_1_461' title='bbox 1194 3631 1227 3686; x_wconf 90' lang='lat' dir='ltr'><strong>et</strong></span> <span class='ocrx_word' id='word_1_462' title='bbox 1254 3623 1465 3705; x_wconf 88' lang='lat' dir='ltr'><strong>theologorum</strong></span> <span class='ocrx_word' id='word_1_463' title='bbox 1493 3623 1709 3689; x_wconf 86' lang='lat' dir='ltr'><strong>catholicorum</strong></span> <span class='ocrx_word' id='word_1_464' title='bbox 1737 3631 1926 3710; x_wconf 86' lang='lat' dir='ltr'><strong>conscripta,</strong></span> <span class='ocrx_word' id='word_1_465' title='bbox 1956 3627 2078 3710; x_wconf 88' lang='lat' dir='ltr'><strong>publice</strong></span> <span class='ocrx_word' id='word_1_466' title='bbox 2104 3649 2213 3712; x_wconf 61' lang='lat' dir='ltr'><strong>prae,</strong></span> 
     </span>
     <span class='ocr_line' id='line_1_34' title="bbox 436 3734 570 3794; baseline -0.007 -18"><span class='ocrx_word' id='word_1_467' title='bbox 436 3735 512 3794; x_wconf 88' lang='lat' dir='ltr'><strong>egen</strong></span> <span class='ocrx_word' id='word_1_468' title='bbox 535 3734 570 3788; x_wconf 86' lang='lat' dir='ltr'><strong>a;</strong></span> 
     </span>
    </p>
   </div>
   <div class='ocr_carea' id='block_1_14' title="bbox 379 3798 2220 4008">
    <p class='ocr_par' dir='ltr' id='par_1_15' title="bbox 379 3798 2220 4008">
     <span class='ocr_line' id='line_1_35' title="bbox 379 3798 2220 3907; baseline 0.001 -20"><span class='ocrx_word' id='word_1_469' title='bbox 379 3834 493 3907; x_wconf 83' lang='lat' dir='ltr'><strong>quarto</strong></span> <span class='ocrx_word' id='word_1_470' title='bbox 510 3826 630 3887; x_wconf 87' lang='lat' dir='ltr'><strong>brevior</strong></span> <span class='ocrx_word' id='word_1_471' title='bbox 650 3826 823 3905; x_wconf 90' lang='lat' dir='ltr'><strong>mitiorque,</strong></span> <span class='ocrx_word' id='word_1_472' title='bbox 842 3823 939 3887; x_wconf 89' lang='lat' dir='ltr'><strong>solius</strong></span> <span class='ocrx_word' id='word_1_473' title='bbox 957 3820 1151 3904; x_wconf 84' lang='lat' dir='ltr'><strong>Imperatoria</strong></span> <span class='ocrx_word' id='word_1_474' title='bbox 1170 3824 1290 3884; x_wconf 88' lang='lat' dir='ltr'><strong>nomiae</strong></span> <span class='ocrx_word' id='word_1_475' title='bbox 1312 3824 1484 3905; x_wconf 86' lang='lat' dir='ltr'><strong>conscripta</strong></span> <span class='ocrx_word' id='word_1_476' title='bbox 1506 3832 1539 3886; x_wconf 89' lang='lat' dir='ltr'><strong>et</strong></span> <span class='ocrx_word' id='word_1_477' title='bbox 1560 3822 1693 3906; x_wconf 85' lang='lat' dir='ltr'><strong>Prologo</strong></span> <span class='ocrx_word' id='word_1_478' title='bbox 1713 3833 1816 3898; x_wconf 89' lang='lat' dir='ltr'><strong>aucta,</strong></span> <span class='ocrx_word' id='word_1_479' title='bbox 1841 3825 1964 3907; x_wconf 89' lang='lat' dir='ltr'><strong>publice</strong></span> <span class='ocrx_word' id='word_1_480' title='bbox 1985 3827 2191 3907; x_wconf 87' lang='lat' dir='ltr'><strong>praelegenda</strong></span> <span class='ocrx_word' id='word_1_481' title='bbox 2213 3798 2220 3805; x_wconf 14' lang='grc' dir='ltr'><strong>’Δ</strong></span> 
     </span>
     <span class='ocr_line' id='line_1_36' title="bbox 424 3909 1097 4008; baseline -0.003 -36"><span class='ocrx_word' id='word_1_482' title='bbox 424 3913 468 3989; x_wconf 90' lang='lat' dir='ltr'><strong>(in</strong></span> <span class='ocrx_word' id='word_1_483' title='bbox 488 3910 607 3973; x_wconf 75' lang='lat' dir='ltr'><strong>Codice</strong></span> <span class='ocrx_word' id='word_1_484' title='bbox 628 3909 798 3992; x_wconf 76' lang='lat' dir='ltr'><strong>Pssnpiano</strong></span> <span class='ocrx_word' id='word_1_485' title='bbox 820 3915 988 3986; x_wconf 81' lang='lat' dir='ltr'><strong>contenta),</strong></span> <span class='ocrx_word' id='word_1_486' title='bbox 1094 4003 1097 4008; x_wconf 25' lang='lat'>·</span> 
     </span>
    </p>
   </div>
   <div class='ocr_carea' id='block_1_15' title="bbox 171 4214 2189 4770">
    <p class='ocr_par' dir='ltr' id='par_1_16' title="bbox 171 4214 2189 4770">
     <span class='ocr_line' id='line_1_37' title="bbox 281 4214 2188 4289; baseline -0.001 -14"><span class='ocrx_word' id='word_1_487' title='bbox 281 4221 461 4289; x_wconf 55' lang='lat' dir='ltr'><strong>quaternam</strong></span> <span class='ocrx_word' id='word_1_488' title='bbox 479 4221 571 4273; x_wconf 79' lang='lat' dir='ltr'><strong>aarum</strong></span> <span class='ocrx_word' id='word_1_489' title='bbox 588 4229 680 4272; x_wconf 84' lang='lat' dir='ltr'><strong>vocum</strong></span> <span class='ocrx_word' id='word_1_490' title='bbox 698 4218 781 4282; x_wconf 89' lang='lat' dir='ltr'><strong>aptior</strong></span> <span class='ocrx_word' id='word_1_491' title='bbox 798 4217 845 4279; x_wconf 89' lang='lat' dir='ltr'><strong>sit,</strong></span> <span class='ocrx_word' id='word_1_492' title='bbox 863 4216 1010 4281; x_wconf 88' lang='lat' dir='ltr'><strong>disceptare</strong></span> <span class='ocrx_word' id='word_1_493' title='bbox 1028 4216 1095 4270; x_wconf 84' lang='lat' dir='ltr'><strong>ticet</strong></span> <span class='ocrx_word' id='word_1_494' title='bbox 1131 4216 1159 4269; x_wconf 89' lang='lat' dir='ltr'><strong>Si</strong></span> <span class='ocrx_word' id='word_1_495' title='bbox 1175 4214 1245 4267; x_wconf 91' lang='lat' dir='ltr'><strong>enirn</strong></span> <span class='ocrx_word' id='word_1_496' title='bbox 1268 4216 1352 4279; x_wconf 89' lang='lat' dir='ltr'><strong>prima</strong></span> <span class='ocrx_word' id='word_1_497' title='bbox 1376 4217 1469 4270; x_wconf 83' lang='lat' dir='ltr'><strong>rerba:</strong></span> <span class='ocrx_word' id='word_1_498' title='bbox 1490 4217 1661 4281; x_wconf 80' lang='lat' dir='ltr'><strong>„qaiaoatee</strong></span> <span class='ocrx_word' id='word_1_499' title='bbox 1683 4218 1880 4273; x_wconf 71' lang='lat' dir='ltr'><strong>mmdartar‘</strong></span> <span class='ocrx_word' id='word_1_500' title='bbox 1901 4230 2039 4282; x_wconf 72' lang='lat' dir='ltr'><strong>urgemus,</strong></span> <span class='ocrx_word' id='word_1_501' title='bbox 2063 4222 2188 4285; x_wconf 68' lang='lat' dir='ltr'><strong>pampas</strong></span> 
     </span>
     <span class='ocr_line' id='line_1_38' title="bbox 173 4285 2187 4352; baseline -0 -6"><span class='ocrx_word' id='word_1_502' title='bbox 173 4318 185 4345; x_wconf 90' lang='lat'><strong>.·</strong></span> <span class='ocrx_word' id='word_1_503' title='bbox 328 4290 550 4346; x_wconf 74' lang='grc'>001000101100101</span> <span class='ocrx_word' id='word_1_504' title='bbox 565 4286 665 4352; x_wconf 83' lang='lat' dir='ltr'><strong>primae</strong></span> <span class='ocrx_word' id='word_1_505' title='bbox 683 4287 871 4341; x_wconf 78' lang='lat' dir='ltr'><strong>contentionis</strong></span> <span class='ocrx_word' id='word_1_506' title='bbox 888 4285 1043 4340; x_wconf 84' lang='lat' dir='ltr'><strong>statuendae</strong></span> <span class='ocrx_word' id='word_1_507' title='bbox 1062 4289 1131 4349; x_wconf 81' lang='lat' dir='ltr'><strong>sunt,</strong></span> <span class='ocrx_word' id='word_1_508' title='bbox 1149 4295 1257 4349; x_wconf 89' lang='lat' dir='ltr'><strong>quarum</strong></span> <span class='ocrx_word' id='word_1_509' title='bbox 1275 4290 1364 4339; x_wconf 88' lang='lat' dir='ltr'><strong>autem</strong></span> <span class='ocrx_word' id='word_1_510' title='bbox 1382 4285 1510 4350; x_wconf 82' lang='lat' dir='ltr'><strong>quintam</strong></span> <span class='ocrx_word' id='word_1_511' title='bbox 1527 4285 1611 4339; x_wconf 76' lang='lat' dir='ltr'><strong>mbae</strong></span> <span class='ocrx_word' id='word_1_512' title='bbox 1628 4285 1713 4339; x_wconf 84' lang='lat' dir='ltr'><strong>iudico</strong></span> <span class='ocrx_word' id='word_1_513' title='bbox 1730 4286 1927 4341; x_wconf 84' lang='lat' dir='ltr'><strong>translationem</strong></span> <span class='ocrx_word' id='word_1_514' title='bbox 1951 4288 2046 4341; x_wconf 86' lang='lat' dir='ltr'><strong>tatiane</strong></span> <span class='ocrx_word' id='word_1_515' title='bbox 2070 4289 2141 4344; x_wconf 84' lang='lat' dir='ltr'><strong>cont.</strong></span> <span class='ocrx_word' id='word_1_516' title='bbox 2160 4291 2187 4345; x_wconf 90' lang='lat' dir='ltr'><strong>tn</strong></span> 
     </span>
     <span class='ocr_line' id='line_1_39' title="bbox 171 4353 2185 4424; baseline 0 -10"><span class='ocrx_word' id='word_1_517' title='bbox 171 4380 180 4401; x_wconf 68' lang='grc' dir='ltr'><strong>ν</strong></span> <span class='ocrx_word' id='word_1_518' title='bbox 245 4388 248 4393; x_wconf 78' lang='lat'><strong>,</strong></span> <span class='ocrx_word' id='word_1_519' title='bbox 326 4362 442 4424; x_wconf 76' lang='lat' dir='ltr'><strong>linguam</strong></span> <span class='ocrx_word' id='word_1_520' title='bbox 460 4357 652 4423; x_wconf 71' lang='lat' dir='ltr'><strong>germanicam,</strong></span> <span class='ocrx_word' id='word_1_521' title='bbox 669 4357 742 4410; x_wconf 89' lang='lat' dir='ltr'><strong>iussu</strong></span> <span class='ocrx_word' id='word_1_522' title='bbox 759 4356 924 4418; x_wconf 86' lang='lat' dir='ltr'><strong>imperatoris</strong></span> <span class='ocrx_word' id='word_1_523' title='bbox 948 4355 1052 4409; x_wconf 84' lang='lat' dir='ltr'><strong>tactam.</strong></span> <span class='ocrx_word' id='word_1_524' title='bbox 1087 4355 1170 4408; x_wconf 78' lang='lat' dir='ltr'><strong>verba</strong></span> <span class='ocrx_word' id='word_1_525' title='bbox 1192 4356 1280 4407; x_wconf 68' lang='lat' dir='ltr'><strong>numm</strong></span> <span class='ocrx_word' id='word_1_526' title='bbox 1306 4355 1454 4420; x_wconf 85' lang='lat' dir='ltr'><strong>sequentia:</strong></span> <span class='ocrx_word' id='word_1_527' title='bbox 1478 4353 1628 4421; x_wconf 65' lang='lat' dir='ltr'><strong>,pmcne</strong></span> <span class='ocrx_word' id='word_1_528' title='bbox 1650 4358 1679 4409; x_wconf 87' lang='lat' dir='ltr'><strong>ct</strong></span> <span class='ocrx_word' id='word_1_529' title='bbox 1702 4355 1879 4423; x_wconf 66' lang='lat' dir='ltr'><strong>temactati,</strong></span> <span class='ocrx_word' id='word_1_530' title='bbox 1903 4356 2035 4412; x_wconf 75' lang='lat' dir='ltr'><strong>onomat</strong></span> <span class='ocrx_word' id='word_1_531' title='bbox 2056 4362 2085 4412; x_wconf 89' lang='lat' dir='ltr'><strong>et</strong></span> <span class='ocrx_word' id='word_1_532' title='bbox 2105 4371 2185 4414; x_wconf 86' lang='lat' dir='ltr'><strong>reca-</strong></span> 
     </span>
     <span class='ocr_line' id='line_1_40' title="bbox 326 4423 2186 4490; baseline -0.002 -5"><span class='ocrx_word' id='word_1_533' title='bbox 326 4428 627 4490; x_wconf 73' lang='lat' dir='ltr'><strong>derint‘mttaaantur</strong></span> <span class='ocrx_word' id='word_1_534' title='bbox 638 4424 841 4490; x_wconf 86' lang='lat' dir='ltr'><strong>interpretationi</strong></span> <span class='ocrx_word' id='word_1_535' title='bbox 859 4425 931 4478; x_wconf 78' lang='lat' dir='ltr'><strong>cbr-</strong></span> <span class='ocrx_word' id='word_1_536' title='bbox 950 4425 1063 4480; x_wconf 81' lang='lat' dir='ltr'><strong>Gotttr.</strong></span> <span class='ocrx_word' id='word_1_537' title='bbox 1080 4423 1252 4487; x_wconf 69' lang='lat' dir='ltr'><strong>unalteri,</strong></span> <span class='ocrx_word' id='word_1_538' title='bbox 1270 4424 1314 4490; x_wconf 90' lang='lat' dir='ltr'><strong>qui</strong></span> <span class='ocrx_word' id='word_1_539' title='bbox 1331 4426 1455 4489; x_wconf 71' lang='lat' dir='ltr'><strong>qumque</strong></span> <span class='ocrx_word' id='word_1_540' title='bbox 1468 4423 1618 4490; x_wconf 78' lang='lat' dir='ltr'><strong>sarmatae</strong></span> <span class='ocrx_word' id='word_1_541' title='bbox 1634 4425 1733 4490; x_wconf 84' lang='lat' dir='ltr'><strong>statuit,</strong></span> <span class='ocrx_word' id='word_1_542' title='bbox 1746 4438 1840 4490; x_wconf 84' lang='lat' dir='ltr'><strong>nempe</strong></span> <span class='ocrx_word' id='word_1_543' title='bbox 1859 4427 1968 4490; x_wconf 89' lang='lat' dir='ltr'><strong>primam</strong></span> <span class='ocrx_word' id='word_1_544' title='bbox 1979 4426 2186 4482; x_wconf 79' lang='lat' dir='ltr'><strong>confutationem</strong></span> 
     </span>
     <span class='ocr_line' id='line_1_41' title="bbox 329 4493 2188 4564; baseline 0 -12"><span class='ocrx_word' id='word_1_545' title='bbox 329 4499 354 4552; x_wconf 89' lang='lat' dir='ltr'><strong>d.</strong></span> <span class='ocrx_word' id='word_1_546' title='bbox 373 4498 415 4549; x_wconf 83' lang='lat'><strong>13.</strong></span> <span class='ocrx_word' id='word_1_547' title='bbox 432 4497 489 4551; x_wconf 90' lang='lat' dir='ltr'><strong>tuiti</strong></span> <span class='ocrx_word' id='word_1_548' title='bbox 506 4497 644 4550; x_wconf 79' lang='lat' dir='ltr'><strong>exhibitam</strong></span> <span class='ocrx_word' id='word_1_549' title='bbox 668 4500 695 4547; x_wconf 87' lang='lat' dir='ltr'><strong>ei</strong></span> <span class='ocrx_word' id='word_1_550' title='bbox 716 4499 827 4558; x_wconf 87' lang='lat' dir='ltr'><strong>quatuor</strong></span> <span class='ocrx_word' id='word_1_551' title='bbox 851 4495 909 4548; x_wconf 88' lang='lat' dir='ltr'><strong>eius</strong></span> <span class='ocrx_word' id='word_1_552' title='bbox 934 4493 1130 4548; x_wconf 84' lang='lat' dir='ltr'><strong>retractationes</strong></span> <span class='ocrx_word' id='word_1_553' title='bbox 1153 4494 1257 4547; x_wconf 87' lang='lat' dir='ltr'><strong>latinas.</strong></span> <span class='ocrx_word' id='word_1_554' title='bbox 1294 4495 1407 4560; x_wconf 85' lang='lat' dir='ltr'><strong>Utraque</strong></span> <span class='ocrx_word' id='word_1_555' title='bbox 1429 4494 1508 4557; x_wconf 74' lang='lat' dir='ltr'><strong>istim</strong></span> <span class='ocrx_word' id='word_1_556' title='bbox 1532 4495 1742 4559; x_wconf 83' lang='lat' dir='ltr'><strong>interpretatione</strong></span> <span class='ocrx_word' id='word_1_557' title='bbox 1768 4496 1870 4550; x_wconf 85' lang='lat' dir='ltr'><strong>litorum</strong></span> <span class='ocrx_word' id='word_1_558' title='bbox 1894 4497 2033 4551; x_wconf 80' lang='lat' dir='ltr'><strong>verborum</strong></span> <span class='ocrx_word' id='word_1_559' title='bbox 2056 4500 2188 4564; x_wconf 87' lang='lat' dir='ltr'><strong>probatur,</strong></span> 
     </span>
     <span class='ocr_line' id='line_1_42' title="bbox 327 4562 2189 4634; baseline -0.001 -13"><span class='ocrx_word' id='word_1_560' title='bbox 327 4567 451 4632; x_wconf 76' lang='grc'>0010000</span> <span class='ocrx_word' id='word_1_561' title='bbox 466 4565 575 4620; x_wconf 75' lang='lat' dir='ltr'><strong>totam</strong></span> <span class='ocrx_word' id='word_1_562' title='bbox 592 4564 809 4629; x_wconf 76' lang='lat' dir='ltr'><strong>confutationes</strong></span> <span class='ocrx_word' id='word_1_563' title='bbox 826 4563 948 4627; x_wconf 86' lang='lat' dir='ltr'><strong>deinceps</strong></span> <span class='ocrx_word' id='word_1_564' title='bbox 972 4564 1123 4627; x_wconf 87' lang='lat' dir='ltr'><strong>imperatori</strong></span> <span class='ocrx_word' id='word_1_565' title='bbox 1141 4574 1202 4616; x_wconf 86' lang='lat' dir='ltr'><strong>esse</strong></span> <span class='ocrx_word' id='word_1_566' title='bbox 1222 4563 1359 4618; x_wconf 82' lang='lat' dir='ltr'><strong>exhibitae</strong></span> <span class='ocrx_word' id='word_1_567' title='bbox 1377 4590 1410 4602; x_wconf 89' lang='lat'><em>-</em></span> <span class='ocrx_word' id='word_1_568' title='bbox 1429 4563 1594 4617; x_wconf 73' lang='lat' dir='ltr'><strong>buettner</strong></span> <span class='ocrx_word' id='word_1_569' title='bbox 1615 4564 1642 4617; x_wconf 89' lang='lat' dir='ltr'><strong>in</strong></span> <span class='ocrx_word' id='word_1_570' title='bbox 1660 4564 1677 4616; x_wconf 92' lang='lat' dir='ltr'><strong>i.</strong></span> <span class='ocrx_word' id='word_1_571' title='bbox 1697 4562 1818 4634; x_wconf 66' lang='lat' dir='ltr'><strong>eterni.</strong></span> <span class='ocrx_word' id='word_1_572' title='bbox 1837 4563 1879 4618; x_wconf 78' lang='lat' dir='ltr'><strong>ier</strong></span> <span class='ocrx_word' id='word_1_573' title='bbox 1897 4562 1961 4629; x_wconf 74' lang='lat' dir='ltr'><strong>latit.</strong></span> <span class='ocrx_word' id='word_1_574' title='bbox 1981 4563 2013 4617; x_wconf 80' lang='lat' dir='ltr'><strong>tt.</strong></span> <span class='ocrx_word' id='word_1_575' title='bbox 2039 4579 2064 4630; x_wconf 90' lang='lat' dir='ltr'><strong>p.</strong></span> <span class='ocrx_word' id='word_1_576' title='bbox 2081 4570 2141 4618; x_wconf 83' lang='lat' dir='ltr'><strong>toi.</strong></span> <span class='ocrx_word' id='word_1_577' title='bbox 2159 4571 2189 4623; x_wconf 90' lang='lat' dir='ltr'><strong>et</strong></span> 
     </span>
     <span class='ocr_line' id='line_1_43' title="bbox 324 4631 2186 4699; baseline -0.001 -6"><span class='ocrx_word' id='word_1_578' title='bbox 324 4637 407 4693; x_wconf 77' lang='lat' dir='ltr'><strong>trid.</strong></span> <span class='ocrx_word' id='word_1_579' title='bbox 424 4635 566 4691; x_wconf 79' lang='lat' dir='ltr'><strong>rrrncue</strong></span> <span class='ocrx_word' id='word_1_580' title='bbox 583 4634 611 4686; x_wconf 91' lang='lat' dir='ltr'><strong>iu</strong></span> <span class='ocrx_word' id='word_1_581' title='bbox 627 4634 690 4687; x_wconf 79' lang='lat' dir='ltr'><strong>Edit.</strong></span> <span class='ocrx_word' id='word_1_582' title='bbox 707 4633 840 4688; x_wconf 82' lang='lat' dir='ltr'><strong>Librorum</strong></span> <span class='ocrx_word' id='word_1_583' title='bbox 860 4633 1115 4696; x_wconf 74' lang='lat' dir='ltr'><strong>symbolicarum</strong></span> <span class='ocrx_word' id='word_1_584' title='bbox 1138 4632 1212 4685; x_wconf 86' lang='lat' dir='ltr'><strong>Lutb.</strong></span> <span class='ocrx_word' id='word_1_585' title='bbox 1235 4633 1352 4696; x_wconf 65' lang='lat' dir='ltr'><strong>Proteus.</strong></span> <span class='ocrx_word' id='word_1_586' title='bbox 1369 4646 1395 4697; x_wconf 87' lang='lat' dir='ltr'><strong>p.</strong></span> <span class='ocrx_word' id='word_1_587' title='bbox 1413 4634 1493 4687; x_wconf 84' lang='lat' dir='ltr'><strong>xxxi.</strong></span> <span class='ocrx_word' id='word_1_588' title='bbox 1511 4637 1573 4687; x_wconf 89' lang='lat' dir='ltr'><strong>nota</strong></span> <span class='ocrx_word' id='word_1_589' title='bbox 1591 4631 1616 4685; x_wconf 84' lang='grc'><strong>6.</strong></span> <span class='ocrx_word' id='word_1_590' title='bbox 1639 4634 1743 4699; x_wconf 89' lang='lat' dir='ltr'><strong>quidem</strong></span> <span class='ocrx_word' id='word_1_591' title='bbox 1768 4635 1895 4696; x_wconf 89' lang='lat' dir='ltr'><strong>reteruut,</strong></span> <span class='ocrx_word' id='word_1_592' title='bbox 1918 4636 2069 4699; x_wconf 77' lang='lat' dir='ltr'><strong>quinquies</strong></span> <span class='ocrx_word' id='word_1_593' title='bbox 2090 4637 2186 4692; x_wconf 72' lang='lat' dir='ltr'><strong>rano</strong></span> 
     </span>
     <span class='ocr_line' id='line_1_44' title="bbox 329 4700 2039 4770; baseline -0.002 -9"><span class='ocrx_word' id='word_1_594' title='bbox 329 4710 467 4761; x_wconf 81' lang='lat' dir='ltr'><strong>tornesac</strong></span> <span class='ocrx_word' id='word_1_595' title='bbox 486 4703 708 4768; x_wconf 78' lang='lat' dir='ltr'><strong>confutationem,</strong></span> <span class='ocrx_word' id='word_1_596' title='bbox 726 4703 774 4757; x_wconf 89' lang='lat' dir='ltr'><strong>sed</strong></span> <span class='ocrx_word' id='word_1_597' title='bbox 791 4703 870 4756; x_wconf 86' lang='lat' dir='ltr'><strong>nihilo</strong></span> <span class='ocrx_word' id='word_1_598' title='bbox 888 4703 974 4757; x_wconf 90' lang='lat' dir='ltr'><strong>minus</strong></span> <span class='ocrx_word' id='word_1_599' title='bbox 992 4705 1092 4755; x_wconf 76' lang='lat' dir='ltr'><strong>mutum</strong></span> <span class='ocrx_word' id='word_1_600' title='bbox 1106 4700 1231 4766; x_wconf 75' lang='lat' dir='ltr'><strong>prbnnot</strong></span> <span class='ocrx_word' id='word_1_601' title='bbox 1249 4701 1370 4759; x_wconf 79' lang='grc'>10110000</span> <span class='ocrx_word' id='word_1_602' title='bbox 1387 4706 1414 4756; x_wconf 91' lang='lat' dir='ltr'><strong>et</strong></span> <span class='ocrx_word' id='word_1_603' title='bbox 1432 4705 1594 4766; x_wconf 69' lang='lat' dir='ltr'><strong>oratam</strong></span> <span class='ocrx_word' id='word_1_604' title='bbox 1610 4703 1743 4759; x_wconf 73' lang='grc'>00010101</span> <span class='ocrx_word' id='word_1_605' title='bbox 1762 4703 1871 4758; x_wconf 68' lang='lat' dir='ltr'><strong>mator</strong></span> <span class='ocrx_word' id='word_1_606' title='bbox 1888 4709 2039 4770; x_wconf 86' lang='lat' dir='ltr'><strong>proponunt</strong></span> 
     </span>
    </p>
   </div>
   <div class='ocr_carea' id='block_1_16' title="bbox 265 4788 2186 4916">
    <p class='ocr_par' dir='ltr' id='par_1_17' title="bbox 265 4788 2186 4916">
     <span class='ocr_line' id='line_1_45' title="bbox 265 4788 2186 4916; baseline 0 -69"><span class='ocrx_word' id='word_1_607' title='bbox 265 4792 309 4861; x_wconf 68' lang='grc'><strong>*1)</strong></span> <span class='ocrx_word' id='word_1_608' title='bbox 326 4790 556 4916; x_wconf 55' lang='lat' dir='ltr'><strong>Hpcmqtppusdam</strong></span> <span class='ocrx_word' id='word_1_609' title='bbox 579 4790 649 4863; x_wconf 87' lang='lat' dir='ltr'><strong>iocis</strong></span> <span class='ocrx_word' id='word_1_610' title='bbox 661 4790 827 4854; x_wconf 84' lang='lat' dir='ltr'><strong>epistolarum</strong></span> <span class='ocrx_word' id='word_1_611' title='bbox 845 4788 1015 4842; x_wconf 80' lang='lat' dir='ltr'><strong>tietantbouis</strong></span> <span class='ocrx_word' id='word_1_612' title='bbox 1039 4788 1169 4852; x_wconf 76' lang='lat' dir='ltr'><strong>indieitmt</strong></span> <span class='ocrx_word' id='word_1_613' title='bbox 1186 4789 1301 4855; x_wconf 67' lang='lat' dir='ltr'><strong>videtum</strong></span> <span class='ocrx_word' id='word_1_614' title='bbox 1323 4789 1381 4843; x_wconf 84' lang='lat' dir='ltr'><strong>vide</strong></span> <span class='ocrx_word' id='word_1_615' title='bbox 1400 4791 1485 4843; x_wconf 88' lang='lat' dir='ltr'><strong>iocum</strong></span> <span class='ocrx_word' id='word_1_616' title='bbox 1506 4801 1531 4853; x_wconf 90' lang='lat' dir='ltr'><strong>p.</strong></span> <span class='ocrx_word' id='word_1_617' title='bbox 1556 4789 1587 4838; x_wconf 86' lang='lat'><strong>11</strong></span> <span class='ocrx_word' id='word_1_618' title='bbox 1612 4801 1650 4853; x_wconf 86' lang='lat' dir='ltr'><strong>sq.</strong></span> <span class='ocrx_word' id='word_1_619' title='bbox 1671 4792 1732 4842; x_wconf 89' lang='lat' dir='ltr'><strong>noia</strong></span> <span class='ocrx_word' id='word_1_620' title='bbox 1756 4789 1786 4855; x_wconf 76' lang='lat'><strong>⁴)</strong></span> <span class='ocrx_word' id='word_1_621' title='bbox 1813 4791 1946 4846; x_wconf 77' lang='lat' dir='ltr'><strong>budrium</strong></span> <span class='ocrx_word' id='word_1_622' title='bbox 1974 4792 2090 4856; x_wconf 88' lang='lat' dir='ltr'><strong>aliosque</strong></span> <span class='ocrx_word' id='word_1_623' title='bbox 2118 4792 2186 4847; x_wconf 88' lang='lat' dir='ltr'><strong>intra</strong></span> 
     </span>
     <span class='ocr_line' id='line_1_46' title="bbox 324 4871 941 4915; baseline -0.002 0"><span class='ocrx_word' id='word_1_624' title='bbox 324 4874 340 4915; x_wconf 86' lang='lat' dir='ltr'><strong>a</strong></span> <span class='ocrx_word' id='word_1_625' title='bbox 361 4874 376 4915; x_wconf 92' lang='lat' dir='ltr'><strong>e</strong></span> <span class='ocrx_word' id='word_1_626' title='bbox 406 4874 423 4915; x_wconf 92' lang='lat' dir='ltr'><strong>n</strong></span> <span class='ocrx_word' id='word_1_627' title='bbox 459 4875 481 4914; x_wconf 87' lang='lat' dir='ltr'><strong>s.</strong></span> <span class='ocrx_word' id='word_1_628' title='bbox 935 4871 941 4884; x_wconf 81' lang='grc'><em>’</em></span> 
     </span>
    </p>
   </div>
   <div class='ocr_carea' id='block_1_17' title="bbox 248 4942 2187 5209">
    <p class='ocr_par' dir='ltr' id='par_1_18' title="bbox 248 4942 2187 5209">
     <span class='ocr_line' id='line_1_47' title="bbox 248 4942 2186 5028; baseline 0.001 -27"><span class='ocrx_word' id='word_1_629' title='bbox 248 4944 307 5013; x_wconf 63' lang='grc'><strong>1111)</strong></span> <span class='ocrx_word' id='word_1_630' title='bbox 325 4947 363 5001; x_wconf 81' lang='lat' dir='ltr'><strong>tt</strong></span> <span class='ocrx_word' id='word_1_631' title='bbox 380 4948 448 5001; x_wconf 88' lang='lat' dir='ltr'><strong>banc</strong></span> <span class='ocrx_word' id='word_1_632' title='bbox 464 4945 533 4998; x_wconf 90' lang='lat' dir='ltr'><strong>euim</strong></span> <span class='ocrx_word' id='word_1_633' title='bbox 551 4944 691 5000; x_wconf 87' lang='lat' dir='ltr'><strong>termulam</strong></span> <span class='ocrx_word' id='word_1_634' title='bbox 708 4942 849 4997; x_wconf 87' lang='lat' dir='ltr'><strong>reterenda</strong></span> <span class='ocrx_word' id='word_1_635' title='bbox 868 4954 930 4997; x_wconf 84' lang='lat' dir='ltr'><strong>esse</strong></span> <span class='ocrx_word' id='word_1_636' title='bbox 947 4943 1063 5008; x_wconf 85' lang='lat' dir='ltr'><strong>eonitcto,</strong></span> <span class='ocrx_word' id='word_1_637' title='bbox 1080 4955 1147 5008; x_wconf 90' lang='lat' dir='ltr'><strong>quae</strong></span> <span class='ocrx_word' id='word_1_638' title='bbox 1164 4945 1312 4998; x_wconf 82' lang='lat' dir='ltr'><strong>tietantbon</strong></span> <span class='ocrx_word' id='word_1_639' title='bbox 1330 4944 1365 4997; x_wconf 89' lang='lat' dir='ltr'><strong>ad</strong></span> <span class='ocrx_word' id='word_1_640' title='bbox 1381 4945 1465 4999; x_wconf 79' lang='lat' dir='ltr'><strong>titum</strong></span> <span class='ocrx_word' id='word_1_641' title='bbox 1482 4942 1644 4997; x_wconf 79' lang='lat' dir='ltr'><strong>theodorum</strong></span> <span class='ocrx_word' id='word_1_642' title='bbox 1663 4943 1688 4994; x_wconf 80' lang='lat' dir='ltr'><strong>d</strong></span> <span class='ocrx_word' id='word_1_643' title='bbox 1706 4942 1749 4995; x_wconf 82' lang='lat' dir='ltr'><strong>tio.</strong></span> <span class='ocrx_word' id='word_1_644' title='bbox 1767 4944 1824 4998; x_wconf 91' lang='lat' dir='ltr'><strong>initi</strong></span> <span class='ocrx_word' id='word_1_645' title='bbox 1840 4945 1944 5010; x_wconf 89' lang='lat' dir='ltr'><strong>scripsit</strong></span> <span class='ocrx_word' id='word_1_646' title='bbox 1960 4947 2001 5011; x_wconf 90' lang='lat' dir='ltr'><strong>(in</strong></span> <span class='ocrx_word' id='word_1_647' title='bbox 2018 4946 2094 5028; x_wconf 78' lang='lat' dir='ltr'><strong>buius</strong></span> <span class='ocrx_word' id='word_1_648' title='bbox 2112 4945 2186 5013; x_wconf 83' lang='lat' dir='ltr'><strong>corp.</strong></span> 
     </span>
     <span class='ocr_line' id='line_1_48' title="bbox 324 5012 2187 5208; baseline 0.001 -70"><span class='ocrx_word' id='word_1_649' title='bbox 324 5012 1010 5208; x_wconf 56' lang='lat' dir='ltr'><strong>piratii?‘titantttttntttt</strong></span> <span class='ocrx_word' id='word_1_650' title='bbox 1028 5012 1399 5145; x_wconf 59' lang='lat' dir='ltr'><strong>{utitatis</strong></span> <span class='ocrx_word' id='word_1_651' title='bbox 1417 5015 1549 5148; x_wconf 52' lang='lat' dir='ltr'><strong>illiti,</strong></span> <span class='ocrx_word' id='word_1_652' title='bbox 1566 5013 2187 5151; x_wconf 59' lang='lat' dir='ltr'><strong>ttmfflmtti‘t‘tttttttdit</strong></span> 
     </span>
     <span class='ocr_line' id='line_1_49' title="bbox 353 5154 476 5209; baseline -0.016 0"><span class='ocrx_word' id='word_1_653' title='bbox 353 5169 367 5209; x_wconf 90' lang='lat' dir='ltr'><strong>a</strong></span> <span class='ocrx_word' id='word_1_654' title='bbox 391 5154 476 5208; x_wconf 88' lang='lat' dir='ltr'><strong>mas.“</strong></span> 
     </span>
    </p>
   </div>
   <div class='ocr_carea' id='block_1_18' title="bbox 274 5235 2187 5309">
    <p class='ocr_par' dir='ltr' id='par_1_19' title="bbox 274 5235 2187 5309">
     <span class='ocr_line' id='line_1_50' title="bbox 274 5235 2187 5309; baseline 0.002 -15"><span class='ocrx_word' id='word_1_655' title='bbox 274 5240 307 5309; x_wconf 78' lang='lat' dir='ltr'><strong>t)</strong></span> <span class='ocrx_word' id='word_1_656' title='bbox 325 5241 397 5294; x_wconf 85' lang='lat' dir='ltr'><strong>itanc</strong></span> <span class='ocrx_word' id='word_1_657' title='bbox 413 5238 568 5293; x_wconf 87' lang='lat' dir='ltr'><strong>senteutiam</strong></span> <span class='ocrx_word' id='word_1_658' title='bbox 587 5238 670 5292; x_wconf 87' lang='lat' dir='ltr'><strong>secuti</strong></span> <span class='ocrx_word' id='word_1_659' title='bbox 686 5241 748 5295; x_wconf 88' lang='lat' dir='ltr'><strong>sunt</strong></span> <span class='ocrx_word' id='word_1_660' title='bbox 769 5235 856 5290; x_wconf 80' lang='lat' dir='ltr'><strong>ittcb</strong></span> <span class='ocrx_word' id='word_1_661' title='bbox 879 5235 1039 5290; x_wconf 84' lang='lat' dir='ltr'><strong>wenertn</strong></span> <span class='ocrx_word' id='word_1_662' title='bbox 1056 5236 1245 5302; x_wconf 67' lang='lat' dir='ltr'><strong>anemonen</strong></span> <span class='ocrx_word' id='word_1_663' title='bbox 1267 5237 1309 5293; x_wconf 82' lang='lat' dir='ltr'><strong>ad</strong></span> <span class='ocrx_word' id='word_1_664' title='bbox 1328 5240 1538 5305; x_wconf 71' lang='lat' dir='ltr'><strong>coasoedoaan</strong></span> <span class='ocrx_word' id='word_1_665' title='bbox 1560 5243 1626 5303; x_wconf 72' lang='lat' dir='ltr'><strong>ias.</strong></span> <span class='ocrx_word' id='word_1_666' title='bbox 1649 5237 1804 5304; x_wconf 78' lang='lat' dir='ltr'><strong>Poattticta</strong></span> <span class='ocrx_word' id='word_1_667' title='bbox 1824 5252 1841 5292; x_wconf 88' lang='lat' dir='ltr'><strong>e</strong></span> <span class='ocrx_word' id='word_1_668' title='bbox 1859 5241 1947 5307; x_wconf 77' lang='lat' dir='ltr'><strong>socna</strong></span> <span class='ocrx_word' id='word_1_669' title='bbox 1969 5240 2122 5305; x_wconf 77' lang='lat' dir='ltr'><strong>Ptiapttrtta</strong></span> <span class='ocrx_word' id='word_1_670' title='bbox 2150 5253 2187 5297; x_wconf 86' lang='grc'><strong>00</strong></span> 
     </span>
    </p>
   </div>
   <div class='ocr_carea' id='block_1_19' title="bbox 323 5305 2183 5444">
    <p class='ocr_par' dir='ltr' id='par_1_20' title="bbox 323 5305 2183 5444">
     <span class='ocr_line' id='line_1_51' title="bbox 324 5305 2183 5378; baseline 0.001 -14"><span class='ocrx_word' id='word_1_671' title='bbox 324 5311 441 5365; x_wconf 77' lang='lat' dir='ltr'><strong>iterem.</strong></span> <span class='ocrx_word' id='word_1_672' title='bbox 459 5307 603 5371; x_wconf 72' lang='lat' dir='ltr'><strong>Proieeom.</strong></span> <span class='ocrx_word' id='word_1_673' title='bbox 621 5319 645 5372; x_wconf 89' lang='lat' dir='ltr'><strong>p.</strong></span> <span class='ocrx_word' id='word_1_674' title='bbox 662 5307 726 5371; x_wconf 83' lang='lat' dir='ltr'><strong>m,</strong></span> <span class='ocrx_word' id='word_1_675' title='bbox 743 5305 859 5360; x_wconf 79' lang='lat' dir='ltr'><strong>christ</strong></span> <span class='ocrx_word' id='word_1_676' title='bbox 876 5306 956 5361; x_wconf 82' lang='lat' dir='ltr'><strong>tinti.</strong></span> <span class='ocrx_word' id='word_1_677' title='bbox 974 5305 1115 5370; x_wconf 84' lang='lat' dir='ltr'><strong>spicier</strong></span> <span class='ocrx_word' id='word_1_678' title='bbox 1130 5308 1157 5361; x_wconf 91' lang='lat' dir='ltr'><strong>tn</strong></span> <span class='ocrx_word' id='word_1_679' title='bbox 1174 5307 1193 5360; x_wconf 91' lang='lat' dir='ltr'><strong>t.</strong></span> <span class='ocrx_word' id='word_1_680' title='bbox 1212 5307 1359 5374; x_wconf 72' lang='lat' dir='ltr'><strong>wofurte</strong></span> <span class='ocrx_word' id='word_1_681' title='bbox 1374 5305 1445 5374; x_wconf 76' lang='lat' dir='ltr'><strong>Met</strong></span> <span class='ocrx_word' id='word_1_682' title='bbox 1459 5312 1533 5375; x_wconf 75' lang='lat' dir='ltr'><strong>iae,</strong></span> <span class='ocrx_word' id='word_1_683' title='bbox 1552 5309 1720 5376; x_wconf 69' lang='grc'>0001110110</span> <span class='ocrx_word' id='word_1_684' title='bbox 1736 5309 1845 5376; x_wconf 66' lang='lat' dir='ltr'><strong>Ponat.</strong></span> <span class='ocrx_word' id='word_1_685' title='bbox 1862 5313 1893 5364; x_wconf 85' lang='lat' dir='ltr'><strong>at</strong></span> <span class='ocrx_word' id='word_1_686' title='bbox 1906 5308 2043 5375; x_wconf 70' lang='lat' dir='ltr'><strong>mima</strong></span> <span class='ocrx_word' id='word_1_687' title='bbox 2056 5312 2183 5378; x_wconf 73' lang='grc'>0001001.</span> 
     </span>
     <span class='ocr_line' id='line_1_52' title="bbox 323 5373 1308 5444; baseline -0.004 -10"><span class='ocrx_word' id='word_1_688' title='bbox 323 5377 437 5434; x_wconf 75' lang='lat' dir='ltr'><strong>nacta</strong></span> <span class='ocrx_word' id='word_1_689' title='bbox 453 5389 478 5442; x_wconf 85' lang='lat' dir='ltr'><strong>p</strong></span> <span class='ocrx_word' id='word_1_690' title='bbox 494 5377 595 5432; x_wconf 77' lang='lat' dir='ltr'><strong>xxxii.</strong></span> <span class='ocrx_word' id='word_1_691' title='bbox 613 5373 693 5444; x_wconf 82' lang='lat' dir='ltr'><strong>(quoe</strong></span> <span class='ocrx_word' id='word_1_692' title='bbox 710 5374 776 5431; x_wconf 84' lang='lat' dir='ltr'><strong>dnos</strong></span> <span class='ocrx_word' id='word_1_693' title='bbox 793 5375 875 5431; x_wconf 85' lang='lat' dir='ltr'><strong>itiros</strong></span> <span class='ocrx_word' id='word_1_694' title='bbox 893 5374 963 5431; x_wconf 84' lang='lat' dir='ltr'><strong>utha</strong></span> <span class='ocrx_word' id='word_1_695' title='bbox 979 5375 1125 5436; x_wconf 65' lang='lat' dir='ltr'><strong>amandus</strong></span> <span class='ocrx_word' id='word_1_696' title='bbox 1141 5377 1308 5444; x_wconf 67' lang='lat' dir='ltr'><strong>nomena).</strong></span> 
     </span>
    </p>
   </div>
   <div class='ocr_carea' id='block_1_20' title="bbox 0 0 2356 6022">
    <p class='ocr_par' dir='ltr' id='par_1_21' title="bbox 0 0 2356 6022">
     <span class='ocr_line' id='line_1_53' title="bbox 0 0 2356 6022; baseline 0 0"><span class='ocrx_word' id='word_1_697' title='bbox 0 0 2356 6022; x_wconf 95' lang='lat' dir='ltr'><strong> </strong></span> 
     </span>
    </p>
   </div>
  </div>
 </body>
</html>
