4694 6038
161 370 227 443 tlt
247 413 248 417 =
606 367 720 436 Pillh.
740 363 847 434 tibh.
865 362 1055 432 SCRIPTA
1075 358 1349 471 noetianos
1368 359 1426 429 st·
1447 359 1719 432 smenon.
2110 367 2181 436 tls

162 561 257 636 Quos
278 558 483 637 instiboauit,
507 555 643 623 eosdem
664 565 699 619 et
721 550 931 640 glorificauit.
969 552 1043 619 lino
1064 570 1139 636 per·
1162 571 1168 695 q
1190 559 1301 650 terant
1323 568 1365 614 ex
1392 560 1525 651 natura⁴
1539 547 1647 636 legis,
1675 570 1762 636 quae
1792 553 1871 637 qaia
1896 551 2053 641 longiora
2079 569 2179 637 sunt,

161 649 244 712 tinet
270 646 361 732 quod
389 641 515 709 Paulus
541 643 608 720 ait,
637 637 666 703 li
710 640 799 705 osita
825 650 880 705 est
906 637 985 704 mihi
1013 657 1140 703 corona
1190 631 1258 701 alto
1281 634 1315 698 in
1336 632 1415 698 loeo
1438 630 1637 718 explicando
1658 647 1764 704 erunt.

162 732 325 810 iusticiae,
348 750 448 816 quam
459 727 577 793 reddet
588 725 666 790 mihi
700 725 831 790 ominus
842 727 951 790 iustos
963 723 1062 788 index
1070 734 1139 789 etc.
1278 716 1404 786 Verum
1414 730 1535 806 urgent
1546 722 1744 808 aduerserij,
1767 724 2006 809 quodproprie
2020 746 2177 796 merecn-

161 816 314 884 Debetur
343 815 433 880 enim
457 832 583 878 corona
611 811 799 876 iustificatis
831 821 967 894 propter
997 809 1140 892 promis·
1191 815 1245 871 tur
1265 803 1368 870 vitam
1388 817 1558 870 aeternam
1581 808 1670 873 bona
1697 828 1818 894 opera,
1845 811 1923 896 quia
1944 809 2078 891 Penus,
2091 815 2178 884 dicit

161 904 303 968 sionem.
324 896 1015 981 Etbancpromissionemseiresanetoso
1062 905 1140 974 rtet,
1191 889 1310 955 Roma.
1332 890 1369 975 ij.
1392 888 1534 956 -Reddet
1554 893 1732 979 vuicuique
1753 899 1939 962 seeundum
1960 916 2064 983 opera
2087 901 2176 967 eim,

161 1008 231 1055 nou
251 995 451 1071 vtpropter
472 1003 569 1048 suum
592 983 801 1047 commodum
818 977 985 1059 laborent,
1041 981 1140 1044 ebent
1191 976 1285 1058 ltem,
1305 973 1433 1060 gloria,
1454 975 1580 1058 honor,
1604 991 1638 1043 et
1660 999 1728 1063 pax
1751 983 1839 1045 omni
1863 986 2016 1066 operanti
2035 986 2177 1057 bonum.
2242 992 2247 1007 ·

163 1074 250 1141 enim
271 1070 427 1137 laborare
447 1077 586 1153 propter
607 1067 749 1153 gloriam
770 1065 848 1145 Dei,
869 1068 933 1132 sed
954 1087 997 1132 ne
1019 1067 1138 1150 despe-
1190 1059 1306 1126 luban.
1318 1082 1351 1126 v.
1364 1063 1421 1147 qui
1432 1060 1694 1143 benefecerunt,
1715 1066 1747 1129 in
1771 1069 2051 1136 resurrectionem
2068 1073 2175 1154 vitae,

161 1170 237 1225 rent
254 1158 289 1222 in
309 1153 564 1232 afflictionibus,
586 1155 675 1219 seire
696 1173 756 1219 eos
778 1163 910 1238 oportet
930 1151 1138 1218 voluntatem
1191 1144 1311 1212 Matth.
1322 1166 1403 1214 xxv.
1436 1146 1582 1229 Esuriui,
1600 1160 1634 1215 et
1645 1150 1785 1216 dedistis
1797 1151 1876 1218 mihi
1886 1156 2092 1224 manducare
2103 1169 2174 1226 etc.

160 1242 244 1320 Dei,
298 1242 366 1306 uod
394 1236 474 1317 velit
507 1259 567 1304 eos
591 1241 775 1317 ⁸adiuuare,
808 1239 953 1323 eripere,
984 1257 1136 1304 seruarc.
1189 1230 1228 1297 ln
1249 1231 1303 1297 his
1325 1229 1412 1300 locis
1433 1243 1467 1298 et
1488 1231 1653 1301 similibus
1674 1238 1841 1317 omnibus,
1864 1240 2041 1325 inquibus
2063 1248 2174 1328 opem

161 1328 236 1396 Etsi
257 1262 356 1392 aliter
375 1322 529 1411 perlecti,
551 1322 649 1389 aliter
659 1323 779 1390 infirmi
791 1323 928 1388 audiunt
938 1324 1138 1389 mentionem
1190 1316 1613 1405 laudanturinseripturis‚
1636 1341 1780 1388 necesse
1802 1337 1857 1390 est
1879 1323 2079 1413 intelligere,
2101 1351 2175 1411 nm

162 1434 346 1500 poenarum
363 1424 398 1478 et
414 1413 628 1496 premiorum.
661 1409 747 1475 Nem
767 1407 887 1474 infirmi
908 1407 1065 1474 laborant
1085 1410 1138 1475 sni
1191 1414 1467 1470 tuntumexterne
1485 1425 1602 1491 opere,
1624 1407 1689 1472 sed
1706 1407 1806 1474 iidem
1823 1411 1922 1476 etiem
1942 1414 2069 1493 cordis,
2093 1417 2173 1503 quie

162 1499 327 1567 commodi
357 1517 470 1563 causa.
526 1492 569 1560 Et
595 1508 707 1561 tamen
729 1494 915 1579 predicatio
937 1495 1137 1579 premiorum
1189 1489 1356 1573 scriptura
1373 1511 1443 1557 uon
1464 1488 1613 1577 loquitur
1634 1494 1676 1558 de
1697 1493 1745 1581 hy
1769 1497 1883 1577 oerisi,
1904 1499 1965 1563 sed
1983 1500 2026 1566 (10
2037 1502 2174 1569 iustior,

161 1597 194 1652 et
214 1603 404 1733 poeuerurp)
417 1582 612 1732 necessaffic
632 1593 694 1647 est.
738 1580 775 1644 ln
803 1581 1037 1731 plldlfflllpnli
1057 1598 1137 1664 poe·
1189 1576 1304 1728 llllll
1324 1594 1411 1727 {nupt
1424 1574 1589 1728 lgugtibus
1612 1599 1734 1732 :uriznd
1764 1582 1870 1733 uotiep
1888 1594 2003 1735 ornem¹
2020 1584 2058 1650 fit
2080 1607 2173 1739 mesp-

160 1688 382 1842 eterne
407 1679 562 1837 tutu
593 1677 1136 1838 intuerentur
1189 1681 1423 1850 ,nunu
1446 1684 1601 1852 cett
1623 1687 1797 1854 tutte.
1811 1687 1884 1818 u
1902 1684 2172 1827 bures:

186 1842 267 1907 ratic
289 1840 485 1918 ostenditur,
505 1837 549 1903 Et
568 1837 657 1903 sieut
678 1838 746 1902 scri
772 1849 846 1903 tura
856 1856 959 1921 saepe
970 1838 1138 1902 mentione
1187 1830 1288 1918 legis,
1310 1843 1344 1898 et
1364 1833 1438 1918 ipse
1459 1835 1577 1920 inquit,
1601 1835 1682 1902 Sene
1703 1859 1757 1903 rne
1778 1838 1861 1904 nihil
1881 1843 2023 1926 potestis
2041 1839 2170 1913 lacere.

161 1862 326 1994 bonorum
356 1944 493 2011 operum
522 1923 622 1988 fidem
651 1858 902 2006 complectitur,
935 1920 1019 1989 Vult
1048 1923 1136 1988 enim
1187 1916 1241 1983 Ex
1272 1917 1340 1984 hoo
1372 1917 1512 1986 Conone
1548 1922 1691 1988 diximus
1731 1944 1853 2009 supra,
1891 1927 2032 1994 iudicari
2063 1949 2172 2014 posse

546 2008 659 2158 “tt
677 2006 950 2160 unietur
971 2007 1136 2160 teat
1187 2001 2168 2164 tnrtttttutituntuuamur

161 2119 240 2249 ἐς.
252 2116 342 2269 lliljlll
355 2117 391 2247 el
407 2114 732 2267 {gellellllltslallrlli
750 2114 1138 2265 Prophetasglaliatelnur
1186 2176 1273 2241 benc
1295 2177 1436 2281 operari
1447 2139 1590 2263 posslrnt
1601 2176 1781 2283 homiues,
1807 2183 1873 2248 nisi
1893 2119 2168 2274 irlslllileaetbelllsl

161 2279 196 2334 et
216 2268 299 2347 hoe,
320 2268 412 2353 qnod
433 2285 537 2350 saepe
557 2267 670 2331 testati
692 2285 825 2344 sumus,
848 2266 938 2351 quod
961 2267 1025 2331 etsi
1044 2266 1136 2330 iusti·
1190 2271 1336 2349 aguntur
1356 2274 1474 2346 sprrrtu
1485 2262 1620 2330 Christe
1653 2264 1725 2331 Nee
1742 2268 1816 2332 sine
1832 2269 2016 2337 mediatore
2027 2271 2167 2340 Christo
2198 2304 2202 2310 ·

160 2353 274 2419 licerio
302 2364 334 2417 et
360 2354 430 2417 vita
454 2365 593 2416 aeterna
621 2353 664 2416 ad
689 2350 789 2416 fidem
815 2353 998 2435 pertinent,
1024 2364 1136 2417 tamen
1188 2358 1223 2412 ct
1242 2345 1309 2412 fide
1334 2343 1472 2432 placent
1498 2350 1589 2417 bona
1614 2370 1719 2436 opera
1746 2354 1839 2419 iuxta
1866 2352 1969 2437 illud,
1995 2358 2078 2425 Siue
2099 2358 2167 2428 lide

161 2443 253 2506 bona
283 2458 388 2521 opere
418 2447 606 2502 mereantur
635 2434 702 2501 ulie
731 2437 856 2520 premia
886 2457 928 2503 co
991 2434 1075 2502 ralis
1102 2447 1137 2503 et
1186 2431 1393 2517 impossibile
1425 2445 1478 2500 est
1509 2432 1644 2520 placere
1675 2433 1769 2519 Deo,
1802 2437 1885 2506 cum
1917 2443 1997 2509 ‹110st
2024 2441 2166 2527 putu,

50 2546 51 2550 ’
160 2522 360 2610 spiritualia,
382 2533 416 2586 et
437 2523 561 2608 gradus
582 2523 801 2607 premiorum,
821 2522 912 2590 iuxta
971 2523 1016 2588 ud
1040 2521 1136 2589 Vnus
1186 2516 1320 2584 Reddet
1345 2520 1523 2607 unicuique
1548 2522 1734 2589 secundum
1765 2543 1867 2610 opere
1898 2528 1989 2608 elus,
2022 2528 2166 2619 intelligi

160 2605 1137 2800 tlt?sistit‘tfftdssttsstlttjtisttmd020‘tt
1186 2606 1834 2798 tulititb‘tttttttttttit
1854 2613 2165 2781 tillidi&

160 2778 1138 2953 tissimeexstititit-:tibitibi
1187 2775 2172 2956 btuidtttthtfflitttui‘ttt’tittl

160 2952 260 3020 iidem
281 2961 436 3019 versetur
457 2948 584 3016 circal
628 2971 692 3031 em,
712 2952 747 3015 in
768 2972 837 3037 quc
852 2969 920 3016 non
932 2951 1051 3039 gratis,
1073 2953 1136 3018 sed
1187 2949 1289 3038 igitur
1308 2949 1377 3015 vita
1393 2959 1531 3016 aeterua
1546 2951 1707 3018 louticiae.
1739 2952 1795 3019 Ad
1815 2953 1907 3021 hune
1924 2957 2057 3024 modum
2077 2961 2167 3024 scri·

183 3058 224 3104 ro
249 3038 377 3104 uostris
403 3037 561 3121 operibus
584 2970 726 3103 eegbertur
757 3049 791 3102 et
822 3037 962 3104 debetur
991 3057 1136 3117 merces,
1186 3046 1283 3122 ptura
1304 3031 1403 3100 simui
1424 3032 1653 3122 complectitur
1675 3038 1839 3105 iusticiam
1861 3043 1969 3107 cordis
1990 3062 2068 3109 cum
2089 3040 2164 3110 fru-

160 3060 231 3192 ged
252 3125 310 3210 qui
330 3123 420 3188 hane
441 3133 621 3201 merentur,
641 3125 734 3207 prius
745 3120 916 3189 iustificati
924 3133 1015 3204 sunt,
1037 3142 1137 3210 quam
1189 3121 1316 3200 cubus,
1346 3118 1389 3186 lit
1410 3140 1514 3209 saepe
1533 3119 1664 3190 fruetus
1685 3127 1852 3205 nominat,
1880 3135 1916 3195 rt
1934 3129 1977 3194 sb
1998 3127 2166 3215 imperitis

160 3209 272 3297 legem
292 3206 427 3292 faciunt,
448 3208 564 3294 ltaque
583 3210 678 3294 prius
699 3220 777 3275 sunt
787 3206 940 3276 translati
949 3210 984 3274 in
994 3229 1137 3298 regnum
1189 3207 1299 3294 magis
1321 3202 1547 3295 intelligatur,
1570 3220 1606 3275 et
1630 3221 1667 3276 vt
1695 3209 1863 3298 significet
1888 3214 2013 3300 requiri
2039 3234 2168 3283 nouam

161 3295 222 3382 filij
245 3294 330 3375 Dei,
351 3305 388 3360 vt
409 3291 534 3361 Paulus
555 3295 619 3374 rit,
640 3304 674 3360 et
690 3289 770 3360 iacti
792 3293 977 3361 coheredes
999 3293 1135 3361 Christi.
1191 3292 1295 3360 vitem
1306 3303 1340 3358 et
1350 3296 1649 3379 regenerationem,
1671 3296 1958 3384 uonhypoerlsin.
1989 3299 2166 3368 Fttcutcm

161 3380 233 3448 Sed
253 3380 456 3466 aduersarij,
486 3379 618 3466 quoties
647 3381 690 3447 de
718 3379 836 3446 merito
858 3381 997 3461 dieitur,
1024 3382 1136 3449 statim
1188 3379 1400 3466 regeneratio
1421 3378 1489 3447 fide
1508 3381 1544 3446 in
1563 3382 1774 3467 poenitentia
1827 3384 1935 3450 Nemo
1957 3403 2063 3454 sanus
2084 3387 2165 3454 iudi·

161 3462 370 3533 trartsl'erunt
394 3485 466 3530 rem
492 3485 514 3530 a
541 3462 678 3552 reliquis
705 3465 860 3552 premijs,
897 3468 941 3532 ed
979 3465 1138 3534 iustifiea·
1188 3484 1268 3531 cere
1288 3464 1386 3531 aliter
1405 3477 1528 3552 potest,
1550 3487 1613 3534 nee
1633 3486 1698 3534 uos
1720 3465 1765 3533 ali
1789 3488 1865 3536 uam
1887 3472 2041 3538 ociosam
2060 3472 2164 3539 subti-

160 3552 296 3632 tionem,
308 3570 384 3617 eum
393 3548 611 3638 Euangeliou
624 3552 728 3638 gratis
740 3551 857 3618 oiierat
867 3550 1136 3619 iustificationem
1187 3550 1316 3618 litatem
1347 3548 1403 3617 hlc
1433 3551 1645 3632 affectamus,
1681 3565 1720 3620 vt
1750 3489 1950 3622 dluellamus
1981 3554 2111 3626 linctus
2140 3576 2163 3626 a

160 3648 300 3725 propter
310 3635 434 3702 Christi
445 3638 572 3710 merita,
593 3659 663 3702 non
679 3648 808 3716 nosue,
829 3635 873 3702 Et
883 3638 999 3704 merita
1009 3636 1135 3703 Christi
1188 3637 1320 3702 iusticia
1342 3638 1474 3717 cordis,
1500 3640 1531 3704 si
1558 3650 1684 3705 tautum
1710 3639 1897 3728 aduersarii
1921 3645 2165 3725 concesserint,

161 3723 446 3790 communicantur
471 3723 569 3787 nobie
596 3743 658 3809 per
682 3721 791 3788 iidem.
835 3720 1012 3789 Caeterum
1032 3743 1136 3810 opera
1210 3724 1281 3789 uod
1301 3718 1433 3789 linctus
1454 3733 1591 3809 propter
1612 3725 1984 3795 bdemetmedietorem
1996 3728 2165 3797 Christum

160 3819 195 3876 et
221 3805 425 3873 afflictiones
451 3817 639 3888 merentur,
665 3828 734 3874 non
761 3805 1046 3888 iustificationem,
1074 3810 1136 3874 sed
1186 3830 1209 3895 p
1266 3819 1359 3882 ecut,
1387 3828 1456 3874 non
1482 3811 1549 3874 sint
1575 3831 1636 3897 per
1661 3831 1756 3891 sese,
1785 3813 1877 3901 digni
1906 3817 2016 3902 gratie
2043 3827 2078 3882 ct
2097 3816 2165 3883 vita

11 3950 16 3957 .
159 3892 227 3960 alie
247 3893 391 3978 premia,
419 3904 456 3958 vt
478 3894 511 3957 in
531 3892 585 3958 his
603 3893 794 3981 senteutijs,
822 3912 954 3961 merces
977 3895 1135 3981 operibns
1187 3905 1337 3961 aeterua.
1369 3893 1444 3960 lloc
1462 3897 1549 3961 enim
1562 3896 2165 3984 reprehendimusincdrersariomm

161 3979 309 4047 oiiertur.
355 3976 420 4052 Qui
442 3997 544 4062 parce
565 3981 724 4060 seminet,
752 4000 855 4066 parce
878 3990 997 4061 metet,
1025 3980 1136 4066 etqui
1188 3979 1357 4060 doctrine,
1384 3980 1474 4066 quod
1503 3980 1626 4049 talibus
1652 3980 1738 4049 loeis
1760 3986 1946 4069 scripturae
1967 4004 2030 4054 ser
2052 3986 2166 4054 Philo·

160 4064 300 4153 lcrgiter
321 4064 479 4144 seminat,
504 4061 643 4152 largiter
663 4076 774 4132 metet
816 4065 882 4134 llic
902 4064 994 4132 clere
1014 4068 1136 4134 modus
1187 4066 1328 4151 sophico
1351 4085 1413 4133 seu
1434 4067 1568 4134 ludaico
1589 4089 1682 4135 more
1702 4067 1882 4137 intellectis
1903 4071 2042 4139 abolent
2071 4074 2163 4140 iusti·

160 4153 338 4230 mercedis,
358 4151 402 4216 ad
424 4150 558 4216 modum
580 4154 692 4236 operis
713 4147 896 4219 confertur.
927 4153 1135 4237 Honorepo·
1187 4154 1274 4219 ciem
1295 4150 1384 4231 fidei,
1405 4164 1439 4218 et
1459 4151 1641 4222 excludunt
1661 4156 1876 4222 mediatorem
1894 4155 2079 4226 curuum.
2111 4158 2164 4226 lix

160 4248 245 4306 trem
266 4249 300 4303 et
320 4246 472 4316 matrem,
492 4247 529 4303 vt
550 4238 599 4303 sis
620 4235 786 4342 loupeuus
805 4258 909 4323 super
925 4249 1060 4305 terram·
1092 4235 1137 4302 Et
1186 4238 1240 4310 his
1259 4235 1347 4303 locis
1358 4241 1611 4321 ratiocinantur,
1633 4242 1725 4327 qnod
1745 4243 1831 4308 hrec
1852 4263 1955 4329 opera
1972 4257 2164 4313 mereantur

159 4322 217 4388 bie
237 4322 395 4409 proponit
416 4320 471 4388 lex
489 4334 582 4389 certo
600 4342 694 4406 open
705 4324 904 4391 mercedem.
938 4323 1137 4410 Quanquam
1188 4323 1341 4412 gratiam,
1362 4321 1447 4390 allas
1469 4326 1512 4391 de
1534 4346 1697 4413 congruo,
1719 4323 1805 4394 alias
1827 4330 1870 4395 de
1887 4331 2069 4418 condigno,
2091 4350 2165 4398 cam

161 4409 263 4495 igitur
282 4406 370 4493 legis
397 4406 549 4493 implecio
579 4420 725 4474 meretur
751 4410 952 4475 mercedem.
996 4407 1138 4494 Proprie
1187 4406 1344 4477 videlieet
1364 4412 1497 4476 accedit
1518 4409 1670 4492 dileetio,
1698 4412 1826 4493 idest,
1854 4417 1945 4501 quod
1972 4416 2166 4497 iustiliccnt,

164 4494 252 4560 enim
272 4511 402 4560 merces
424 4494 469 4558 ud
490 4490 601 4581 legem
628 4496 786 4580 pertinet,
812 4506 923 4561 temen
948 4494 1138 4561 meminisse
1187 4508 1223 4563 et
1243 4495 1322 4582 quia
1342 4495 1409 4560 sint
1429 4497 1577 4578 iusticie,
1605 4500 1708 4603 digno
1729 4501 1796 4564 sint
1817 4503 1886 4566 vita
1906 4513 2058 4568 aeterna.
2102 4502 2166 4570 iiio

164 4596 228 4645 nos
249 4576 424 4666 Euangelij
446 4591 593 4663 oportet,
624 4580 714 4666 quod
776 4581 839 4646 atis
862 4581 960 4646 offert
980 4580 1138 4648 iustifica·
1188 4600 1284 4648 error
1304 4578 1479 4647 manifeste
1505 4581 1619 4649 abolet
1646 4584 1811 4652 rusticium
1835 4584 1930 4665 fidei,
1957 4607 2047 4685 quoe
2067 4588 2166 4655 sentit

165 4666 289 4731 tionem
299 4676 436 4750 propter
446 4663 627 4750 Christum,
648 4664 720 4731 Neo
756 4684 851 4753 egem
872 4669 965 4752 prius
984 4665 1138 4746 fecimus,
1189 4669 1278 4754 quod
1299 4685 1476 4734 aceessum
1497 4669 1542 4734 ed
1563 4666 1674 4736 Deum
1700 4669 1885 4738 habeamus
1910 4685 2052 4761 propter
2073 4673 2167 4740 Gbri·

163 4760 222 4817 cot
242 4745 357 4816 iacere
377 4770 559 4835 possumus
581 4770 681 4837 quam
701 4751 908 4818 reconciliati
930 4751 1026 4832 Deo,
1048 4752 1139 4819 iusti·
1188 4765 1293 4834 stum,
1321 4773 1391 4818 non
1412 4764 1549 4841 propter
1568 4775 1672 4841 opere
1693 4769 1829 4835 nostra,
1856 4778 1944 4845 quae
1970 4761 2076 4826 sentit
2102 4776 2166 4826 nos

163 4834 270 4912 flecti,
304 4846 338 4902 et
369 4838 477 4903 renati
507 4857 634 4904 sumus.
684 4836 758 4902 Nec
783 4835 840 4904 ilia
868 4836 955 4926 legis
984 4834 1138 4923 implceio
1187 4859 1251 4989 per
1274 4838 1466 4925 pontificem
1494 4853 1528 4907 et
1549 4842 1765 4909 mediatorem
1787 4841 1958 4910 Christum
1979 4845 2104 4912 adduci
2124 4843 2168 4912 cd

162 4919 313 5072 ἒῑιοοτςῑ
333 4920 427 5002 Deo,
453 4923 517 4989 nisi
541 4933 680 5009 propter
699 4922 808 4998 fidem,
821 4943 973 4992 essem
995 4924 1136 5011 accepti,
1216 4935 1335 5005 rhem,
1356 4936 1390 4990 et
1409 4926 1535 4992 hahere
1555 4926 1724 5014 placatam
1744 4940 1886 5015 patrem,
1908 4941 1944 4997 vt
1966 4952 2073 5018 supra
2082 4931 2168 4998 sctis

160 5018 322 5159 rubii}
338 5004 955 5182 dibili'reliiiiirsliibuiii‘
972 5009 1138 5163 miz
1188 5011 1312 5162 litii
1323 5010 2170 5189 behtleemititifittlitb

159 5181 349 5246 mercedem
369 5180 404 5245 iu
426 5177 491 5244 hcc
512 5180 599 5258 vita,
630 5190 665 5246 et
694 5192 774 5267 post
805 5180 895 5250 hene
926 5183 1039 5249 vitam.
1083 5180 1139 5247 De
1188 5200 1257 5248 non
1289 5193 1402 5266 potest
1434 5181 1580 5252 officium
1612 5183 1736 5254 Christi
1769 5188 1937 5274 conspici,
1971 5199 2007 5256 et
2037 5188 2172 5278 reliquo

161 5265 295 5331 nonme
313 5265 481 5333 mercedis
503 5263 686 5351 piusrcque
705 5264 773 5333 alia
793 5266 969 5336 hic'etiam
991 5268 1058 5335 diei
1078 5286 1139 5353 po·
1188 5269 1342 5335 doctrina
1362 5269 1625 5350 iustificationis,
1654 5283 1781 5356 mutum
1808 5284 1863 5341 est
1889 5275 2042 5342 socna
2067 5272 2174 5364 tegis-
