<?xml version="1.0" encoding="UTF-8"?>
<!DOCTYPE html PUBLIC "-//W3C//DTD XHTML 1.0 Transitional//EN"
    "http://www.w3.org/TR/xhtml1/DTD/xhtml1-transitional.dtd">
<html xmlns="http://www.w3.org/1999/xhtml" xml:lang="en" lang="en">
 <head>
  <title>
</title>
<meta http-equiv="Content-Type" content="text/html;charset=utf-8" />
  <meta name='ocr-system' content='tesseract 3.04.00' />
  <meta name='ocr-capabilities' content='ocr_page ocr_carea ocr_par ocr_line ocrx_word'/>
</head>
<body>
  <div class='ocr_page' id='page_1' title='image "./philippimelanth05melagoog_0252.png"; bbox 0 0 4694 6038; ppageno 0'>
   <div class='ocr_carea' id='block_1_1' title="bbox 54 5124 840 5207">
    <p class='ocr_par' dir='ltr' id='par_1_1' title="bbox 54 5124 840 5207">
     <span class='ocr_line' id='line_1_1' title="bbox 54 5124 840 5207; baseline 0 -16"><span class='ocrx_word' id='word_1_1' title='bbox 54 5141 56 5146; x_wconf 81' lang='grc'><strong>’</strong></span> <span class='ocrx_word' id='word_1_2' title='bbox 168 5124 375 5204; x_wconf 76' lang='lat' dir='ltr'><strong>(lamentum,</strong></span> <span class='ocrx_word' id='word_1_3' title='bbox 395 5125 463 5192; x_wconf 92' lang='lat' dir='ltr'><strong>hoo</strong></span> <span class='ocrx_word' id='word_1_4' title='bbox 483 5141 556 5207; x_wconf 88' lang='lat' dir='ltr'><strong>est,</strong></span> <span class='ocrx_word' id='word_1_5' title='bbox 578 5150 693 5196; x_wconf 88' lang='lat' dir='ltr'><strong>veram</strong></span> <span class='ocrx_word' id='word_1_6' title='bbox 715 5127 840 5194; x_wconf 82' lang='lat' dir='ltr'><strong>Christi</strong></span> 
     </span>
    </p>
   </div>
   <div class='ocr_carea' id='block_1_2' title="bbox 159 323 2179 402">
    <p class='ocr_par' dir='ltr' id='par_1_2' title="bbox 89 281 2179 441">
     <span class='ocr_line' id='line_1_2' title="bbox 159 323 2179 402; baseline -0.011 8.196"><span class='ocrx_word' id='word_1_7' title='bbox 159 331 229 399; x_wconf 70' lang='lat' dir='ltr'><strong><em>w</em></strong></span> <span class='ocrx_word' id='word_1_8' title='bbox 610 323 1733 402; x_wconf 72' lang='lat' dir='ltr'><strong>sammaascamanonunrrcaarsrnnonrca·</strong></span> <span class='ocrx_word' id='word_1_9' title='bbox 2111 327 2179 399; x_wconf 71' lang='lat' dir='ltr'><strong>aaa</strong></span> 
     </span>
    </p>
   </div>
   <div class='ocr_carea' id='block_1_3' title="bbox 51 512 2177 5299">
    <p class='ocr_par' dir='ltr' id='par_1_3' title="bbox 51 512 2177 5299">
     <span class='ocr_line' id='line_1_3' title="bbox 164 512 2175 620; baseline -0.002 -34"><span class='ocrx_word' id='word_1_10' title='bbox 164 520 209 586; x_wconf 83' lang='lat' dir='ltr'><strong>ab</strong></span> <span class='ocrx_word' id='word_1_11' title='bbox 230 514 484 620; x_wconf 54' lang='lat' dir='ltr'><strong>alijsssentibus</strong></span> <span class='ocrx_word' id='word_1_12' title='bbox 547 527 697 581; x_wconf 81' lang='lat' dir='ltr'><strong>rcertas</strong></span> <span class='ocrx_word' id='word_1_13' title='bbox 719 516 949 620; x_wconf 72' lang='lat' dir='ltr'><strong>ordinationes</strong></span> <span class='ocrx_word' id='word_1_14' title='bbox 971 524 1141 591; x_wconf 83' lang='lat' dir='ltr'><strong>externas,</strong></span> <span class='ocrx_word' id='word_1_15' title='bbox 1193 532 1296 597; x_wconf 87' lang='lat' dir='ltr'><strong>supra</strong></span> <span class='ocrx_word' id='word_1_16' title='bbox 1327 512 1577 620; x_wconf 76' lang='lat' dir='ltr'><strong>fundamentum</strong></span> <span class='ocrx_word' id='word_1_17' title='bbox 1610 513 1787 620; x_wconf 72' lang='lat' dir='ltr'><strong>aedificant</strong></span> <span class='ocrx_word' id='word_1_18' title='bbox 1802 513 1961 620; x_wconf 37' lang='lat' dir='ltr'><strong>‚stipulas</strong></span> <span class='ocrx_word' id='word_1_19' title='bbox 1993 515 2175 600; x_wconf 81' lang='lat' dir='ltr'><strong>perituras,</strong></span> 
     </span>
     <span class='ocr_line' id='line_1_4' title="bbox 163 597 2177 774; baseline 0 -20"><span class='ocrx_word' id='word_1_20' title='bbox 163 597 1143 774; x_wconf 40' lang='grc' dir='ltr'><strong>111111111ῃῖ1ῑώ11311111111111111</strong></span> <span class='ocrx_word' id='word_1_21' title='bbox 1193 599 1362 750; x_wconf 54' lang='lat' dir='ltr'><strong>itti</strong></span> <span class='ocrx_word' id='word_1_22' title='bbox 1380 599 1916 765; x_wconf 64' lang='lat' dir='ltr'><strong>tiiiddiilidtifts</strong></span> <span class='ocrx_word' id='word_1_23' title='bbox 1938 611 2177 763; x_wconf 59' lang='lat' dir='ltr'><strong>titiis</strong></span> 
     </span>
     <span class='ocr_line' id='line_1_5' title="bbox 165 770 2176 857; baseline -0.001 -17"><span class='ocrx_word' id='word_1_24' title='bbox 165 795 287 853; x_wconf 87' lang='lat' dir='ltr'><strong>rarum,</strong></span> <span class='ocrx_word' id='word_1_25' title='bbox 310 773 540 857; x_wconf 85' lang='lat' dir='ltr'><strong>sedipsasres</strong></span> <span class='ocrx_word' id='word_1_26' title='bbox 558 784 726 851; x_wconf 88' lang='lat' dir='ltr'><strong>aeternas,</strong></span> <span class='ocrx_word' id='word_1_27' title='bbox 749 772 899 856; x_wconf 88' lang='lat' dir='ltr'><strong>spiritum</strong></span> <span class='ocrx_word' id='word_1_28' title='bbox 920 781 1085 848; x_wconf 88' lang='lat' dir='ltr'><strong>sanctum,</strong></span> <span class='ocrx_word' id='word_1_29' title='bbox 1107 779 1142 833; x_wconf 91' lang='lat' dir='ltr'><strong>et</strong></span> <span class='ocrx_word' id='word_1_30' title='bbox 1194 770 1206 833; x_wconf 91' lang='lat' dir='ltr'><strong>l</strong></span> <span class='ocrx_word' id='word_1_31' title='bbox 1233 771 1273 849; x_wconf 82' lang='lat' dir='ltr'><strong>is,</strong></span> <span class='ocrx_word' id='word_1_32' title='bbox 1295 780 1364 835; x_wconf 87' lang='lat' dir='ltr'><strong>tum</strong></span> <span class='ocrx_word' id='word_1_33' title='bbox 1385 773 1483 836; x_wconf 90' lang='lat' dir='ltr'><strong>otiam</strong></span> <span class='ocrx_word' id='word_1_34' title='bbox 1506 773 1734 839; x_wconf 85' lang='lat' dir='ltr'><strong>emendantur.</strong></span> <span class='ocrx_word' id='word_1_35' title='bbox 1769 770 2027 837; x_wconf 78' lang='lat' dir='ltr'><strong>Aesanctorurn</strong></span> <span class='ocrx_word' id='word_1_36' title='bbox 2038 771 2176 851; x_wconf 75' lang='lat' dir='ltr'><strong>Patren</strong></span> 
     </span>
     <span class='ocr_line' id='line_1_6' title="bbox 164 851 2174 944; baseline -0.001 -18"><span class='ocrx_word' id='word_1_37' title='bbox 164 859 329 927; x_wconf 88' lang='lat' dir='ltr'><strong>iusticiam</strong></span> <span class='ocrx_word' id='word_1_38' title='bbox 356 879 424 944; x_wconf 88' lang='lat' dir='ltr'><strong>qua</strong></span> <span class='ocrx_word' id='word_1_39' title='bbox 450 877 563 922; x_wconf 90' lang='lat' dir='ltr'><strong>coram</strong></span> <span class='ocrx_word' id='word_1_40' title='bbox 585 854 661 923; x_wconf 86' lang='lat' dir='ltr'><strong>Deo</strong></span> <span class='ocrx_word' id='word_1_41' title='bbox 689 856 769 923; x_wconf 88' lang='lat' dir='ltr'><strong>iusti</strong></span> <span class='ocrx_word' id='word_1_42' title='bbox 797 873 925 921; x_wconf 83' lang='lat' dir='ltr'><strong>sumus.</strong></span> <span class='ocrx_word' id='word_1_43' title='bbox 969 854 1072 941; x_wconf 77' lang='lat' dir='ltr'><strong>lgitur</strong></span> <span class='ocrx_word' id='word_1_44' title='bbox 1094 851 1141 919; x_wconf 90' lang='lat' dir='ltr'><strong>illi</strong></span> <span class='ocrx_word' id='word_1_45' title='bbox 1195 858 1323 940; x_wconf 87' lang='lat' dir='ltr'><strong>scripta</strong></span> <span class='ocrx_word' id='word_1_46' title='bbox 1341 866 1515 935; x_wconf 77' lang='lat' dir='ltr'><strong>testantur,</strong></span> <span class='ocrx_word' id='word_1_47' title='bbox 1537 857 1628 942; x_wconf 89' lang='lat' dir='ltr'><strong>quod</strong></span> <span class='ocrx_word' id='word_1_48' title='bbox 1645 858 1808 923; x_wconf 89' lang='lat' dir='ltr'><strong>interdum</strong></span> <span class='ocrx_word' id='word_1_49' title='bbox 1820 853 1962 943; x_wconf 89' lang='lat' dir='ltr'><strong>stipulas</strong></span> <span class='ocrx_word' id='word_1_50' title='bbox 1974 857 2174 925; x_wconf 84' lang='lat' dir='ltr'><strong>etiamaedi·</strong></span> 
     </span>
     <span class='ocr_line' id='line_1_7' title="bbox 165 937 2174 1028; baseline -0.001 -17"><span class='ocrx_word' id='word_1_51' title='bbox 165 954 293 1011; x_wconf 87' lang='lat' dir='ltr'><strong>tantum</strong></span> <span class='ocrx_word' id='word_1_52' title='bbox 320 955 397 1009; x_wconf 88' lang='lat' dir='ltr'><strong>sunt</strong></span> <span class='ocrx_word' id='word_1_53' title='bbox 424 939 568 1027; x_wconf 87' lang='lat' dir='ltr'><strong>populus</strong></span> <span class='ocrx_word' id='word_1_54' title='bbox 596 944 689 1008; x_wconf 86' lang='lat' dir='ltr'><strong>iuxta</strong></span> <span class='ocrx_word' id='word_1_55' title='bbox 709 940 948 1028; x_wconf 77' lang='lat' dir='ltr'><strong>Euangelium,</strong></span> <span class='ocrx_word' id='word_1_56' title='bbox 998 941 1032 1005; x_wconf 89' lang='lat' dir='ltr'><strong>ui</strong></span> <span class='ocrx_word' id='word_1_57' title='bbox 1052 937 1142 1003; x_wconf 90' lang='lat' dir='ltr'><strong>hano</strong></span> <span class='ocrx_word' id='word_1_58' title='bbox 1195 939 1371 1006; x_wconf 82' lang='lat' dir='ltr'><strong>licauerint</strong></span> <span class='ocrx_word' id='word_1_59' title='bbox 1392 960 1495 1025; x_wconf 89' lang='lat' dir='ltr'><strong>supra</strong></span> <span class='ocrx_word' id='word_1_60' title='bbox 1515 941 1779 1022; x_wconf 82' lang='lat' dir='ltr'><strong>fundamentum,</strong></span> <span class='ocrx_word' id='word_1_61' title='bbox 1800 944 1862 1008; x_wconf 90' lang='lat' dir='ltr'><strong>sed</strong></span> <span class='ocrx_word' id='word_1_62' title='bbox 1884 961 1972 1028; x_wconf 87' lang='lat' dir='ltr'><strong>quae</strong></span> <span class='ocrx_word' id='word_1_63' title='bbox 1989 962 2061 1007; x_wconf 89' lang='lat' dir='ltr'><strong>non</strong></span> <span class='ocrx_word' id='word_1_64' title='bbox 2079 962 2174 1009; x_wconf 76' lang='lat' dir='ltr'><strong>euer-</strong></span> 
     </span>
     <span class='ocr_line' id='line_1_8' title="bbox 163 1021 2175 1115; baseline 0 -20"><span class='ocrx_word' id='word_1_65' title='bbox 163 1031 420 1115; x_wconf 78' lang='lat' dir='ltr'><strong>promissionem</strong></span> <span class='ocrx_word' id='word_1_66' title='bbox 442 1029 579 1112; x_wconf 87' lang='lat' dir='ltr'><strong>spiritus</strong></span> <span class='ocrx_word' id='word_1_67' title='bbox 601 1029 775 1112; x_wconf 87' lang='lat' dir='ltr'><strong>accipiunt.</strong></span> <span class='ocrx_word' id='word_1_68' title='bbox 811 1028 865 1091; x_wconf 88' lang='lat' dir='ltr'><strong>Ad</strong></span> <span class='ocrx_word' id='word_1_69' title='bbox 883 1027 969 1091; x_wconf 90' lang='lat' dir='ltr'><strong>haec</strong></span> <span class='ocrx_word' id='word_1_70' title='bbox 1016 1021 1142 1090; x_wconf 89' lang='lat' dir='ltr'><strong>cclesia</strong></span> <span class='ocrx_word' id='word_1_71' title='bbox 1195 1036 1306 1091; x_wconf 90' lang='lat' dir='ltr'><strong>terunt</strong></span> <span class='ocrx_word' id='word_1_72' title='bbox 1327 1023 1426 1090; x_wconf 80' lang='lat' dir='ltr'><strong>iidem</strong></span> <span class='ocrx_word' id='word_1_73' title='bbox 1449 1047 1574 1092; x_wconf 89' lang='lat' dir='ltr'><strong>eorum.</strong></span> <span class='ocrx_word' id='word_1_74' title='bbox 1606 1026 2079 1114; x_wconf 86' lang='lat' dir='ltr'><strong>Verumplaeraquaistormn</strong></span> <span class='ocrx_word' id='word_1_75' title='bbox 2088 1046 2175 1114; x_wconf 84' lang='lat' dir='ltr'><strong>quse</strong></span> 
     </span>
     <span class='ocr_line' id='line_1_9' title="bbox 165 1110 2175 1283; baseline 0 -18"><span class='ocrx_word' id='word_1_76' title='bbox 165 1113 1049 1283; x_wconf 54' lang='lat' dir='ltr'><strong>tii“diribitidi”dissidatis</strong></span> <span class='ocrx_word' id='word_1_77' title='bbox 1073 1110 1142 1260; x_wconf 74' lang='lat' dir='ltr'><strong>li:</strong></span> <span class='ocrx_word' id='word_1_78' title='bbox 1194 1111 2175 1283; x_wconf 47' lang='lat' dir='ltr'><strong>tlhtdiitziidfthtidts‘attilii</strong></span> 
     </span>
     <span class='ocr_line' id='line_1_10' title="bbox 237 1243 787 1275; baseline 0 0"><span class='ocrx_word' id='word_1_79' title='bbox 237 1248 245 1264; x_wconf 90' lang='lat'><strong>·</strong></span> <span class='ocrx_word' id='word_1_80' title='bbox 777 1243 787 1275; x_wconf 82' lang='lat' dir='ltr'><strong>s</strong></span> 
     </span>
     <span class='ocr_line' id='line_1_11' title="bbox 165 1243 2173 1370; baseline -0.001 -18"><span class='ocrx_word' id='word_1_81' title='bbox 165 1285 252 1363; x_wconf 91' lang='lat' dir='ltr'><strong>boli,</strong></span> <span class='ocrx_word' id='word_1_82' title='bbox 285 1295 319 1352; x_wconf 91' lang='lat' dir='ltr'><strong>et</strong></span> <span class='ocrx_word' id='word_1_83' title='bbox 350 1286 500 1351; x_wconf 89' lang='lat' dir='ltr'><strong>membra</strong></span> <span class='ocrx_word' id='word_1_84' title='bbox 526 1285 622 1370; x_wconf 77' lang='lat' dir='ltr'><strong>regni</strong></span> <span class='ocrx_word' id='word_1_85' title='bbox 648 1282 773 1350; x_wconf 89' lang='lat' dir='ltr'><strong>diaboli</strong></span> <span class='ocrx_word' id='word_1_86' title='bbox 801 1303 899 1361; x_wconf 87' lang='lat' dir='ltr'><strong>esse,</strong></span> <span class='ocrx_word' id='word_1_87' title='bbox 931 1283 1020 1348; x_wconf 86' lang='lat' dir='ltr'><strong>sicut</strong></span> <span class='ocrx_word' id='word_1_88' title='bbox 1042 1281 1143 1345; x_wconf 88' lang='lat' dir='ltr'><strong>docet</strong></span> <span class='ocrx_word' id='word_1_89' title='bbox 1217 1302 1261 1346; x_wconf 93' lang='lat' dir='ltr'><strong>uo</strong></span> <span class='ocrx_word' id='word_1_90' title='bbox 1291 1281 1431 1348; x_wconf 83' lang='lat' dir='ltr'><strong>dicimus</strong></span> <span class='ocrx_word' id='word_1_91' title='bbox 1461 1280 1528 1347; x_wconf 87' lang='lat' dir='ltr'><strong>fide</strong></span> <span class='ocrx_word' id='word_1_92' title='bbox 1556 1284 1664 1367; x_wconf 87' lang='lat' dir='ltr'><strong>accipi</strong></span> <span class='ocrx_word' id='word_1_93' title='bbox 1688 1285 1919 1350; x_wconf 88' lang='lat' dir='ltr'><strong>remissionem</strong></span> <span class='ocrx_word' id='word_1_94' title='bbox 1946 1243 2173 1369; x_wconf 57' lang='lat' dir='ltr'><strong>peccator’um.</strong></span> 
     </span>
     <span class='ocr_line' id='line_1_12' title="bbox 165 1361 2174 1456; baseline -0 -19"><span class='ocrx_word' id='word_1_95' title='bbox 165 1369 292 1437; x_wconf 87' lang='lat' dir='ltr'><strong>Paulus</strong></span> <span class='ocrx_word' id='word_1_96' title='bbox 315 1369 418 1454; x_wconf 84' lang='lat' dir='ltr'>Ephe.</span> <span class='ocrx_word' id='word_1_97' title='bbox 437 1370 472 1456; x_wconf 76' lang='lat' dir='ltr'><strong>ij,</strong></span> <span class='ocrx_word' id='word_1_98' title='bbox 496 1389 572 1437; x_wconf 89' lang='lat' dir='ltr'><strong>oum</strong></span> <span class='ocrx_word' id='word_1_99' title='bbox 593 1370 651 1448; x_wconf 91' lang='lat' dir='ltr'><strong>ait,</strong></span> <span class='ocrx_word' id='word_1_100' title='bbox 672 1366 845 1435; x_wconf 79' lang='lat' dir='ltr'><strong>diabolum</strong></span> <span class='ocrx_word' id='word_1_101' title='bbox 865 1364 1040 1434; x_wconf 86' lang='lat' dir='ltr'><strong>efficacem</strong></span> <span class='ocrx_word' id='word_1_102' title='bbox 1064 1384 1143 1431; x_wconf 90' lang='lat' dir='ltr'><strong>esse</strong></span> <span class='ocrx_word' id='word_1_103' title='bbox 1229 1361 1395 1432; x_wconf 77' lang='lat' dir='ltr'><strong>anilestus</strong></span> <span class='ocrx_word' id='word_1_104' title='bbox 1417 1368 1496 1433; x_wconf 91' lang='lat' dir='ltr'><strong>item</strong></span> <span class='ocrx_word' id='word_1_105' title='bbox 1517 1378 1551 1432; x_wconf 89' lang='lat' dir='ltr'><strong>et</strong></span> <span class='ocrx_word' id='word_1_106' title='bbox 1571 1370 1782 1453; x_wconf 86' lang='lat' dir='ltr'><strong>perniciosas</strong></span> <span class='ocrx_word' id='word_1_107' title='bbox 1803 1389 1900 1435; x_wconf 89' lang='lat' dir='ltr'><strong>error</strong></span> <span class='ocrx_word' id='word_1_108' title='bbox 1922 1380 1988 1449; x_wconf 89' lang='lat' dir='ltr'><strong>est,</strong></span> <span class='ocrx_word' id='word_1_109' title='bbox 2011 1370 2105 1454; x_wconf 84' lang='lat' dir='ltr'><strong>quod</strong></span> <span class='ocrx_word' id='word_1_110' title='bbox 2116 1370 2174 1436; x_wconf 89' lang='lat' dir='ltr'><strong>do·</strong></span> 
     </span>
     <span class='ocr_line' id='line_1_13' title="bbox 165 1450 2172 1561; baseline -0.001 -39"><span class='ocrx_word' id='word_1_111' title='bbox 165 1455 423 1561; x_wconf 66' lang='lat' dir='ltr'><strong>inincredulis.</strong></span> <span class='ocrx_word' id='word_1_112' title='bbox 474 1453 517 1520; x_wconf 86' lang='lat' dir='ltr'><strong>Et</strong></span> <span class='ocrx_word' id='word_1_113' title='bbox 546 1452 702 1522; x_wconf 87' lang='lat' dir='ltr'><strong>Christus</strong></span> <span class='ocrx_word' id='word_1_114' title='bbox 733 1454 841 1557; x_wconf 78' lang='lat' dir='ltr'><strong>inquit</strong></span> <span class='ocrx_word' id='word_1_115' title='bbox 871 1454 915 1519; x_wconf 89' lang='lat' dir='ltr'><strong>ad</strong></span> <span class='ocrx_word' id='word_1_116' title='bbox 947 1450 1143 1555; x_wconf 76' lang='lat' dir='ltr'><strong>Phariseos,</strong></span> <span class='ocrx_word' id='word_1_117' title='bbox 1194 1462 1271 1516; x_wconf 89' lang='lat' dir='ltr'><strong>cent</strong></span> <span class='ocrx_word' id='word_1_118' title='bbox 1286 1452 1488 1556; x_wconf 71' lang='lat' dir='ltr'><strong>aduersarlj,</strong></span> <span class='ocrx_word' id='word_1_119' title='bbox 1509 1456 1630 1519; x_wconf 91' lang='lat' dir='ltr'><strong>mereri</strong></span> <span class='ocrx_word' id='word_1_120' title='bbox 1649 1454 1799 1521; x_wconf 87' lang='lat' dir='ltr'><strong>homines</strong></span> <span class='ocrx_word' id='word_1_121' title='bbox 1812 1454 2172 1559; x_wconf 76' lang='lat' dir='ltr'><strong>remissionempecca·</strong></span> 
     </span>
     <span class='ocr_line' id='line_1_14' title="bbox 165 1533 2172 1711; baseline -0.001 -16"><span class='ocrx_word' id='word_1_122' title='bbox 165 1543 296 1707; x_wconf 69' lang='lat' dir='ltr'><strong>t‘ht,</strong></span> <span class='ocrx_word' id='word_1_123' title='bbox 316 1553 410 1692; x_wconf 68' lang='lat' dir='ltr'><strong>tii</strong></span> <span class='ocrx_word' id='word_1_124' title='bbox 435 1533 1144 1711; x_wconf 57' lang='lat' dir='ltr'><strong>titit‘ii‘toiiiiiidtmdiiii</strong></span> <span class='ocrx_word' id='word_1_125' title='bbox 1193 1534 2058 1708; x_wconf 55' lang='lat' dir='ltr'><strong>ittiailtittdttdthedittts,</strong></span> <span class='ocrx_word' id='word_1_126' title='bbox 2078 1538 2172 1692; x_wconf 53' lang='lat' dir='ltr'>‹¹:¹ss</span> 
     </span>
     <span class='ocr_line' id='line_1_15' title="bbox 166 1705 2172 1796; baseline -0.001 -16"><span class='ocrx_word' id='word_1_127' title='bbox 166 1715 265 1792; x_wconf 90' lang='lat' dir='ltr'><strong>enim,</strong></span> <span class='ocrx_word' id='word_1_128' title='bbox 286 1709 534 1789; x_wconf 82' lang='lat' dir='ltr'><strong>sacrificabant,</strong></span> <span class='ocrx_word' id='word_1_129' title='bbox 556 1723 590 1776; x_wconf 91' lang='lat' dir='ltr'><strong>et</strong></span> <span class='ocrx_word' id='word_1_130' title='bbox 611 1711 790 1791; x_wconf 76' lang='lat' dir='ltr'><strong>docebant,</strong></span> <span class='ocrx_word' id='word_1_131' title='bbox 809 1709 884 1774; x_wconf 87' lang='lat' dir='ltr'><strong>Vos</strong></span> <span class='ocrx_word' id='word_1_132' title='bbox 907 1729 948 1775; x_wconf 82' lang='lat' dir='ltr'><strong>ex</strong></span> <span class='ocrx_word' id='word_1_133' title='bbox 968 1705 1143 1793; x_wconf 84' lang='lat' dir='ltr'><strong>putredia·</strong></span> <span class='ocrx_word' id='word_1_134' title='bbox 1193 1719 1293 1774; x_wconf 87' lang='lat' dir='ltr'><strong>stum.</strong></span> <span class='ocrx_word' id='word_1_135' title='bbox 1336 1709 1418 1773; x_wconf 91' lang='lat' dir='ltr'><strong>ltem</strong></span> <span class='ocrx_word' id='word_1_136' title='bbox 1440 1709 1520 1794; x_wconf 91' lang='lat' dir='ltr'><strong>quid</strong></span> <span class='ocrx_word' id='word_1_137' title='bbox 1542 1729 1629 1796; x_wconf 86' lang='lat' dir='ltr'><strong>opus</strong></span> <span class='ocrx_word' id='word_1_138' title='bbox 1651 1714 1715 1776; x_wconf 84' lang='lat' dir='ltr'><strong>erit</strong></span> <span class='ocrx_word' id='word_1_139' title='bbox 1735 1711 1819 1792; x_wconf 86' lang='lat' dir='ltr'><strong>fide,</strong></span> <span class='ocrx_word' id='word_1_140' title='bbox 1845 1713 1875 1777; x_wconf 89' lang='lat' dir='ltr'><strong>si</strong></span> <span class='ocrx_word' id='word_1_141' title='bbox 1897 1720 2109 1777; x_wconf 73' lang='lat' dir='ltr'><strong>mmementa</strong></span> <span class='ocrx_word' id='word_1_142' title='bbox 2129 1730 2172 1777; x_wconf 81' lang='lat' dir='ltr'><strong>ex</strong></span> 
     </span>
     <span class='ocr_line' id='line_1_16' title="bbox 166 1793 2173 1885; baseline -0 -20"><span class='ocrx_word' id='word_1_143' title='bbox 166 1797 247 1865; x_wconf 91' lang='lat' dir='ltr'><strong>bolo</strong></span> <span class='ocrx_word' id='word_1_144' title='bbox 269 1799 362 1864; x_wconf 85' lang='lat' dir='ltr'><strong>estis.</strong></span> <span class='ocrx_word' id='word_1_145' title='bbox 406 1796 522 1882; x_wconf 86' lang='lat' dir='ltr'><strong>ltaque</strong></span> <span class='ocrx_word' id='word_1_146' title='bbox 542 1795 699 1862; x_wconf 79' lang='lat' dir='ltr'><strong>Ecclesia</strong></span> <span class='ocrx_word' id='word_1_147' title='bbox 720 1815 806 1882; x_wconf 89' lang='lat' dir='ltr'><strong>quae</strong></span> <span class='ocrx_word' id='word_1_148' title='bbox 828 1815 909 1861; x_wconf 89' lang='lat' dir='ltr'><strong>vere</strong></span> <span class='ocrx_word' id='word_1_149' title='bbox 930 1805 983 1885; x_wconf 89' lang='lat' dir='ltr'><strong>est</strong></span> <span class='ocrx_word' id='word_1_150' title='bbox 1003 1812 1143 1879; x_wconf 83' lang='lat' dir='ltr'><strong>regnum</strong></span> <span class='ocrx_word' id='word_1_151' title='bbox 1194 1813 1298 1878; x_wconf 76' lang='lat' dir='ltr'><strong>opera</strong></span> <span class='ocrx_word' id='word_1_152' title='bbox 1319 1804 1459 1878; x_wconf 86' lang='lat' dir='ltr'><strong>operato</strong></span> <span class='ocrx_word' id='word_1_153' title='bbox 1486 1795 1562 1860; x_wconf 90' lang='lat' dir='ltr'><strong>sina</strong></span> <span class='ocrx_word' id='word_1_154' title='bbox 1588 1799 1677 1861; x_wconf 93' lang='lat' dir='ltr'><strong>bono</strong></span> <span class='ocrx_word' id='word_1_155' title='bbox 1706 1809 1800 1865; x_wconf 86' lang='lat' dir='ltr'><strong>motu</strong></span> <span class='ocrx_word' id='word_1_156' title='bbox 1825 1797 1949 1863; x_wconf 83' lang='lat' dir='ltr'><strong>vtentis</strong></span> <span class='ocrx_word' id='word_1_157' title='bbox 1976 1793 2173 1864; x_wconf 75' lang='lat' dir='ltr'><strong>tmtfiems</strong></span> 
     </span>
     <span class='ocr_line' id='line_1_17' title="bbox 167 1877 2172 1968; baseline -0 -19"><span class='ocrx_word' id='word_1_158' title='bbox 167 1883 312 1961; x_wconf 85' lang='lat' dir='ltr'><strong>Christi,</strong></span> <span class='ocrx_word' id='word_1_159' title='bbox 335 1893 388 1947; x_wconf 91' lang='lat' dir='ltr'><strong>est</strong></span> <span class='ocrx_word' id='word_1_160' title='bbox 408 1883 543 1967; x_wconf 91' lang='lat' dir='ltr'><strong>proprie</strong></span> <span class='ocrx_word' id='word_1_161' title='bbox 564 1882 785 1968; x_wconf 80' lang='lat' dir='ltr'><strong>congregatio</strong></span> <span class='ocrx_word' id='word_1_162' title='bbox 807 1892 1013 1946; x_wconf 87' lang='lat' dir='ltr'><strong>sanctorum.</strong></span> <span class='ocrx_word' id='word_1_163' title='bbox 1057 1877 1144 1943; x_wconf 85' lang='lat' dir='ltr'><strong>Nam</strong></span> <span class='ocrx_word' id='word_1_164' title='bbox 1193 1881 1289 1947; x_wconf 89' lang='lat' dir='ltr'><strong>Sicut</strong></span> <span class='ocrx_word' id='word_1_165' title='bbox 1318 1888 1429 1946; x_wconf 88' lang='lat' dir='ltr'><strong>autem</strong></span> <span class='ocrx_word' id='word_1_166' title='bbox 1457 1878 1562 1946; x_wconf 88' lang='lat' dir='ltr'><strong>habet</strong></span> <span class='ocrx_word' id='word_1_167' title='bbox 1588 1878 1745 1947; x_wconf 87' lang='lat' dir='ltr'><strong>Ecclesia</strong></span> <span class='ocrx_word' id='word_1_168' title='bbox 1774 1883 2050 1967; x_wconf 87' lang='lat' dir='ltr'><strong>promissionem,</strong></span> <span class='ocrx_word' id='word_1_169' title='bbox 2080 1882 2172 1968; x_wconf 81' lang='lat' dir='ltr'><strong>quod</strong></span> 
     </span>
     <span class='ocr_line' id='line_1_18' title="bbox 166 1960 2172 2056; baseline 0 -21"><span class='ocrx_word' id='word_1_170' title='bbox 166 1969 255 2056; x_wconf 90' lang='lat' dir='ltr'><strong>impij</strong></span> <span class='ocrx_word' id='word_1_171' title='bbox 284 1979 445 2054; x_wconf 80' lang='lat' dir='ltr'><strong>reguntur</strong></span> <span class='ocrx_word' id='word_1_172' title='bbox 465 1987 487 2031; x_wconf 94' lang='lat' dir='ltr'><strong>a</strong></span> <span class='ocrx_word' id='word_1_173' title='bbox 508 1965 661 2046; x_wconf 87' lang='lat' dir='ltr'><strong>diaholo,</strong></span> <span class='ocrx_word' id='word_1_174' title='bbox 688 1978 721 2031; x_wconf 91' lang='lat' dir='ltr'><strong>et</strong></span> <span class='ocrx_word' id='word_1_175' title='bbox 748 1976 829 2033; x_wconf 90' lang='lat' dir='ltr'><strong>sunt</strong></span> <span class='ocrx_word' id='word_1_176' title='bbox 855 1966 977 2051; x_wconf 90' lang='lat' dir='ltr'><strong>captiui</strong></span> <span class='ocrx_word' id='word_1_177' title='bbox 1005 1960 1142 2043; x_wconf 87' lang='lat' dir='ltr'><strong>diaboli,</strong></span> <span class='ocrx_word' id='word_1_178' title='bbox 1212 1983 1327 2049; x_wconf 85' lang='lat' dir='ltr'><strong>emper</strong></span> <span class='ocrx_word' id='word_1_179' title='bbox 1353 1967 1398 2030; x_wconf 90' lang='lat' dir='ltr'><strong>sit</strong></span> <span class='ocrx_word' id='word_1_180' title='bbox 1423 1962 1579 2033; x_wconf 86' lang='lat' dir='ltr'><strong>habitura</strong></span> <span class='ocrx_word' id='word_1_181' title='bbox 1604 1969 1757 2051; x_wconf 89' lang='lat' dir='ltr'><strong>spiritum</strong></span> <span class='ocrx_word' id='word_1_182' title='bbox 1784 1977 1955 2047; x_wconf 88' lang='lat' dir='ltr'><strong>sanctum,</strong></span> <span class='ocrx_word' id='word_1_183' title='bbox 1988 1967 2040 2033; x_wconf 87' lang='lat' dir='ltr'><strong>lta</strong></span> <span class='ocrx_word' id='word_1_184' title='bbox 2070 1964 2172 2035; x_wconf 79' lang='lat' dir='ltr'><strong>haia</strong></span> 
     </span>
     <span class='ocr_line' id='line_1_19' title="bbox 165 2050 2172 2142; baseline 0.001 -24"><span class='ocrx_word' id='word_1_185' title='bbox 165 2074 233 2119; x_wconf 91' lang='lat' dir='ltr'><strong>non</strong></span> <span class='ocrx_word' id='word_1_186' title='bbox 255 2063 417 2142; x_wconf 73' lang='lat' dir='ltr'><strong>reguntur</strong></span> <span class='ocrx_word' id='word_1_187' title='bbox 438 2053 558 2136; x_wconf 89' lang='lat' dir='ltr'><strong>spiritu</strong></span> <span class='ocrx_word' id='word_1_188' title='bbox 575 2050 712 2131; x_wconf 87' lang='lat' dir='ltr'><strong>Christi,</strong></span> <span class='ocrx_word' id='word_1_189' title='bbox 735 2052 798 2116; x_wconf 90' lang='lat' dir='ltr'><strong>sed</strong></span> <span class='ocrx_word' id='word_1_190' title='bbox 819 2052 899 2137; x_wconf 84' lang='lat' dir='ltr'><strong>quid</strong></span> <span class='ocrx_word' id='word_1_191' title='bbox 921 2050 1034 2116; x_wconf 79' lang='lat' dir='ltr'><strong>verbis</strong></span> <span class='ocrx_word' id='word_1_192' title='bbox 1055 2067 1142 2131; x_wconf 88' lang='lat' dir='ltr'><strong>opus</strong></span> <span class='ocrx_word' id='word_1_193' title='bbox 1194 2051 1482 2130; x_wconf 84' lang='lat' dir='ltr'><strong>comminationes,</strong></span> <span class='ocrx_word' id='word_1_194' title='bbox 1502 2053 1593 2136; x_wconf 89' lang='lat' dir='ltr'><strong>quod</strong></span> <span class='ocrx_word' id='word_1_195' title='bbox 1616 2054 1684 2119; x_wconf 88' lang='lat' dir='ltr'><strong>sint</strong></span> <span class='ocrx_word' id='word_1_196' title='bbox 1703 2050 1808 2121; x_wconf 79' lang='lat' dir='ltr'><strong>tutan</strong></span> <span class='ocrx_word' id='word_1_197' title='bbox 1828 2053 1918 2139; x_wconf 90' lang='lat' dir='ltr'><strong>impij</strong></span> <span class='ocrx_word' id='word_1_198' title='bbox 1943 2052 2118 2131; x_wconf 85' lang='lat' dir='ltr'><strong>doctores,</strong></span> <span class='ocrx_word' id='word_1_199' title='bbox 2139 2065 2172 2121; x_wconf 87' lang='lat' dir='ltr'><strong>et</strong></span> 
     </span>
     <span class='ocr_line' id='line_1_20' title="bbox 165 2132 2173 2224; baseline 0.002 -18"><span class='ocrx_word' id='word_1_200' title='bbox 165 2151 220 2206; x_wconf 90' lang='lat' dir='ltr'><strong>est</strong></span> <span class='ocrx_word' id='word_1_201' title='bbox 248 2142 283 2204; x_wconf 92' lang='lat' dir='ltr'><strong>in</strong></span> <span class='ocrx_word' id='word_1_202' title='bbox 311 2160 349 2205; x_wconf 90' lang='lat' dir='ltr'><strong>re</strong></span> <span class='ocrx_word' id='word_1_203' title='bbox 378 2138 578 2204; x_wconf 68' lang='lat' dir='ltr'><strong>manifesta?</strong></span> <span class='ocrx_word' id='word_1_204' title='bbox 621 2137 659 2203; x_wconf 90' lang='lat' dir='ltr'><strong>Si</strong></span> <span class='ocrx_word' id='word_1_205' title='bbox 685 2134 841 2203; x_wconf 80' lang='lat' dir='ltr'><strong>Ecclesia</strong></span> <span class='ocrx_word' id='word_1_206' title='bbox 867 2157 955 2222; x_wconf 84' lang='lat' dir='ltr'><strong>quaa</strong></span> <span class='ocrx_word' id='word_1_207' title='bbox 981 2153 1064 2200; x_wconf 84' lang='lat' dir='ltr'><strong>vere</strong></span> <span class='ocrx_word' id='word_1_208' title='bbox 1089 2144 1144 2198; x_wconf 84' lang='lat' dir='ltr'><strong>est</strong></span> <span class='ocrx_word' id='word_1_209' title='bbox 1193 2134 1271 2220; x_wconf 90' lang='lat' dir='ltr'><strong>lupi.</strong></span> <span class='ocrx_word' id='word_1_210' title='bbox 1316 2132 1377 2200; x_wconf 90' lang='lat' dir='ltr'><strong>llla</strong></span> <span class='ocrx_word' id='word_1_211' title='bbox 1405 2157 1487 2202; x_wconf 84' lang='lat' dir='ltr'><strong>vero</strong></span> <span class='ocrx_word' id='word_1_212' title='bbox 1516 2148 1568 2202; x_wconf 90' lang='lat' dir='ltr'><strong>est</strong></span> <span class='ocrx_word' id='word_1_213' title='bbox 1592 2139 1728 2223; x_wconf 89' lang='lat' dir='ltr'><strong>proprie</strong></span> <span class='ocrx_word' id='word_1_214' title='bbox 1754 2137 1928 2217; x_wconf 84' lang='lat' dir='ltr'><strong>Ecclesia,</strong></span> <span class='ocrx_word' id='word_1_215' title='bbox 1957 2157 2047 2224; x_wconf 90' lang='lat' dir='ltr'><strong>quae</strong></span> <span class='ocrx_word' id='word_1_216' title='bbox 2073 2136 2173 2210; x_wconf 73' lang='lat' dir='ltr'><strong>haba</strong></span> 
     </span>
     <span class='ocr_line' id='line_1_21' title="bbox 165 2218 2171 2312; baseline 0 -22"><span class='ocrx_word' id='word_1_217' title='bbox 165 2244 306 2312; x_wconf 77' lang='lat' dir='ltr'><strong>regnum</strong></span> <span class='ocrx_word' id='word_1_218' title='bbox 317 2222 453 2307; x_wconf 87' lang='lat' dir='ltr'><strong>Christi,</strong></span> <span class='ocrx_word' id='word_1_219' title='bbox 472 2218 984 2310; x_wconf 77' lang='lat' dir='ltr'><strong>distinguituraregnodiaholi,</strong></span> <span class='ocrx_word' id='word_1_220' title='bbox 999 2237 1144 2285; x_wconf 86' lang='lat' dir='ltr'><strong>necesse</strong></span> <span class='ocrx_word' id='word_1_221' title='bbox 1194 2222 1345 2305; x_wconf 80' lang='lat' dir='ltr'><strong>spiritum</strong></span> <span class='ocrx_word' id='word_1_222' title='bbox 1365 2234 1529 2288; x_wconf 89' lang='lat' dir='ltr'><strong>sanctum.</strong></span> <span class='ocrx_word' id='word_1_223' title='bbox 1562 2222 1648 2309; x_wconf 84' lang='lat' dir='ltr'><strong>Lupi</strong></span> <span class='ocrx_word' id='word_1_224' title='bbox 1670 2236 1704 2290; x_wconf 87' lang='lat' dir='ltr'><strong>et</strong></span> <span class='ocrx_word' id='word_1_225' title='bbox 1724 2223 1803 2291; x_wconf 89' lang='lat' dir='ltr'><strong>mali</strong></span> <span class='ocrx_word' id='word_1_226' title='bbox 1826 2224 1985 2291; x_wconf 86' lang='lat' dir='ltr'><strong>doctores</strong></span> <span class='ocrx_word' id='word_1_227' title='bbox 1995 2225 2171 2310; x_wconf 76' lang='lat' dir='ltr'><strong>etsigras·</strong></span> 
     </span>
     <span class='ocr_line' id='line_1_22' title="bbox 165 2304 2172 2395; baseline 0 -19"><span class='ocrx_word' id='word_1_228' title='bbox 165 2323 222 2376; x_wconf 87' lang='lat' dir='ltr'><strong>est</strong></span> <span class='ocrx_word' id='word_1_229' title='bbox 241 2310 373 2395; x_wconf 88' lang='lat' dir='ltr'><strong>impios,</strong></span> <span class='ocrx_word' id='word_1_230' title='bbox 404 2329 479 2375; x_wconf 88' lang='lat' dir='ltr'><strong>oum</strong></span> <span class='ocrx_word' id='word_1_231' title='bbox 509 2309 576 2374; x_wconf 89' lang='lat' dir='ltr'><strong>sint</strong></span> <span class='ocrx_word' id='word_1_232' title='bbox 601 2309 637 2373; x_wconf 92' lang='lat' dir='ltr'><strong>in</strong></span> <span class='ocrx_word' id='word_1_233' title='bbox 665 2329 771 2394; x_wconf 80' lang='lat' dir='ltr'><strong>regno</strong></span> <span class='ocrx_word' id='word_1_234' title='bbox 801 2305 943 2386; x_wconf 89' lang='lat' dir='ltr'><strong>diaboli,</strong></span> <span class='ocrx_word' id='word_1_235' title='bbox 974 2327 1041 2370; x_wconf 91' lang='lat' dir='ltr'><strong>non</strong></span> <span class='ocrx_word' id='word_1_236' title='bbox 1064 2323 1142 2369; x_wconf 88' lang='lat' dir='ltr'><strong>esse</strong></span> <span class='ocrx_word' id='word_1_237' title='bbox 1193 2304 1534 2388; x_wconf 81' lang='lat' dir='ltr'><strong>santurinllcclesia,</strong></span> <span class='ocrx_word' id='word_1_238' title='bbox 1557 2320 1668 2375; x_wconf 91' lang='lat' dir='ltr'><strong>tamen</strong></span> <span class='ocrx_word' id='word_1_239' title='bbox 1688 2330 1757 2376; x_wconf 88' lang='lat' dir='ltr'><strong>non</strong></span> <span class='ocrx_word' id='word_1_240' title='bbox 1778 2319 1858 2375; x_wconf 91' lang='lat' dir='ltr'><strong>sunt</strong></span> <span class='ocrx_word' id='word_1_241' title='bbox 1877 2309 2015 2394; x_wconf 88' lang='lat' dir='ltr'><strong>proprie</strong></span> <span class='ocrx_word' id='word_1_242' title='bbox 2118 2329 2172 2376; x_wconf 78' lang='lat' dir='ltr'><strong>um</strong></span> 
     </span>
     <span class='ocr_line' id='line_1_23' title="bbox 163 2390 2172 2482; baseline 0.001 -22"><span class='ocrx_word' id='word_1_243' title='bbox 163 2395 363 2461; x_wconf 87' lang='lat' dir='ltr'><strong>Ecclesiam.</strong></span> <span class='ocrx_word' id='word_1_244' title='bbox 415 2393 612 2479; x_wconf 81' lang='lat' dir='ltr'><strong>Quanquam</strong></span> <span class='ocrx_word' id='word_1_245' title='bbox 634 2394 669 2457; x_wconf 91' lang='lat' dir='ltr'><strong>in</strong></span> <span class='ocrx_word' id='word_1_246' title='bbox 690 2392 866 2472; x_wconf 76' lang='lat' dir='ltr'><strong>haesita,</strong></span> <span class='ocrx_word' id='word_1_247' title='bbox 896 2393 975 2476; x_wconf 88' lang='lat' dir='ltr'><strong>quia</strong></span> <span class='ocrx_word' id='word_1_248' title='bbox 995 2390 1143 2456; x_wconf 89' lang='lat' dir='ltr'><strong>noudum</strong></span> <span class='ocrx_word' id='word_1_249' title='bbox 1193 2390 1329 2457; x_wconf 86' lang='lat' dir='ltr'><strong>Christi.</strong></span> <span class='ocrx_word' id='word_1_250' title='bbox 1376 2390 1471 2459; x_wconf 83' lang='lat' dir='ltr'><strong>Sicut</strong></span> <span class='ocrx_word' id='word_1_251' title='bbox 1492 2404 1526 2459; x_wconf 89' lang='lat' dir='ltr'><strong>et</strong></span> <span class='ocrx_word' id='word_1_252' title='bbox 1548 2394 1639 2482; x_wconf 82' lang='lat' dir='ltr'><strong>Lyra</strong></span> <span class='ocrx_word' id='word_1_253' title='bbox 1659 2405 1814 2475; x_wconf 87' lang='lat' dir='ltr'><strong>testatur,</strong></span> <span class='ocrx_word' id='word_1_254' title='bbox 1835 2415 1911 2463; x_wconf 89' lang='lat' dir='ltr'><strong>cum</strong></span> <span class='ocrx_word' id='word_1_255' title='bbox 1932 2398 1991 2473; x_wconf 88' lang='lat' dir='ltr'><strong>ait,</strong></span> <span class='ocrx_word' id='word_1_256' title='bbox 2101 2396 2172 2462; x_wconf 80' lang='lat' dir='ltr'><strong>esis</strong></span> 
     </span>
     <span class='ocr_line' id='line_1_24' title="bbox 163 2471 2171 2564; baseline 0 -16"><span class='ocrx_word' id='word_1_257' title='bbox 163 2478 348 2548; x_wconf 87' lang='lat' dir='ltr'><strong>reuelntum</strong></span> <span class='ocrx_word' id='word_1_258' title='bbox 370 2490 424 2543; x_wconf 91' lang='lat' dir='ltr'><strong>est</strong></span> <span class='ocrx_word' id='word_1_259' title='bbox 444 2498 585 2564; x_wconf 79' lang='lat' dir='ltr'><strong>regnum</strong></span> <span class='ocrx_word' id='word_1_260' title='bbox 607 2477 751 2559; x_wconf 79' lang='lat' dir='ltr'><strong>Christi,</strong></span> <span class='ocrx_word' id='word_1_261' title='bbox 778 2479 846 2544; x_wconf 88' lang='lat' dir='ltr'><strong>sint</strong></span> <span class='ocrx_word' id='word_1_262' title='bbox 867 2476 1003 2542; x_wconf 83' lang='lat' dir='ltr'><strong>admixti</strong></span> <span class='ocrx_word' id='word_1_263' title='bbox 1024 2471 1142 2541; x_wconf 89' lang='lat' dir='ltr'><strong>Eccle·</strong></span> <span class='ocrx_word' id='word_1_264' title='bbox 1192 2497 1262 2543; x_wconf 94' lang='lat' dir='ltr'><strong>non</strong></span> <span class='ocrx_word' id='word_1_265' title='bbox 1290 2478 1445 2543; x_wconf 83' lang='lat' dir='ltr'><strong>consistit</strong></span> <span class='ocrx_word' id='word_1_266' title='bbox 1470 2480 1505 2543; x_wconf 90' lang='lat' dir='ltr'><strong>in</strong></span> <span class='ocrx_word' id='word_1_267' title='bbox 1530 2480 1719 2547; x_wconf 82' lang='lat' dir='ltr'><strong>hominibus</strong></span> <span class='ocrx_word' id='word_1_268' title='bbox 1747 2481 1879 2547; x_wconf 87' lang='lat' dir='ltr'><strong>ratione</strong></span> <span class='ocrx_word' id='word_1_269' title='bbox 1904 2480 2087 2564; x_wconf 85' lang='lat' dir='ltr'><strong>potestatis</strong></span> <span class='ocrx_word' id='word_1_270' title='bbox 2115 2477 2171 2549; x_wconf 85' lang='lat' dir='ltr'><strong>vel</strong></span> 
     </span>
     <span class='ocr_line' id='line_1_25' title="bbox 164 2561 2172 2652; baseline 0.001 -21"><span class='ocrx_word' id='word_1_271' title='bbox 164 2567 254 2644; x_wconf 83' lang='lat' dir='ltr'><strong>siae,</strong></span> <span class='ocrx_word' id='word_1_272' title='bbox 282 2576 317 2632; x_wconf 90' lang='lat' dir='ltr'><strong>et</strong></span> <span class='ocrx_word' id='word_1_273' title='bbox 338 2574 457 2652; x_wconf 78' lang='lat' dir='ltr'><strong>gerant</strong></span> <span class='ocrx_word' id='word_1_274' title='bbox 479 2562 592 2630; x_wconf 86' lang='lat' dir='ltr'><strong>officia</strong></span> <span class='ocrx_word' id='word_1_275' title='bbox 613 2566 646 2629; x_wconf 89' lang='lat' dir='ltr'><strong>in</strong></span> <span class='ocrx_word' id='word_1_276' title='bbox 667 2562 841 2641; x_wconf 82' lang='lat' dir='ltr'><strong>Ecclesia,</strong></span> <span class='ocrx_word' id='word_1_277' title='bbox 869 2562 943 2627; x_wconf 80' lang='lat' dir='ltr'><strong>Nec</strong></span> <span class='ocrx_word' id='word_1_278' title='bbox 963 2570 1143 2647; x_wconf 87' lang='lat' dir='ltr'><strong>propterea</strong></span> <span class='ocrx_word' id='word_1_279' title='bbox 1193 2563 1364 2649; x_wconf 84' lang='lat' dir='ltr'><strong>dignitatis</strong></span> <span class='ocrx_word' id='word_1_280' title='bbox 1384 2561 1646 2631; x_wconf 85' lang='lat' dir='ltr'><strong>Ecclesiasticae</strong></span> <span class='ocrx_word' id='word_1_281' title='bbox 1672 2562 1729 2631; x_wconf 84' lang='lat' dir='ltr'><strong>vel</strong></span> <span class='ocrx_word' id='word_1_282' title='bbox 1757 2564 1943 2644; x_wconf 79' lang='lat' dir='ltr'><strong>secularis,</strong></span> <span class='ocrx_word' id='word_1_283' title='bbox 1971 2565 2054 2650; x_wconf 86' lang='lat' dir='ltr'><strong>quia</strong></span> <span class='ocrx_word' id='word_1_284' title='bbox 2080 2562 2172 2633; x_wconf 87' lang='lat' dir='ltr'><strong>multi</strong></span> 
     </span>
     <span class='ocr_line' id='line_1_26' title="bbox 165 2645 2171 2738; baseline -0.002 -20"><span class='ocrx_word' id='word_1_285' title='bbox 165 2652 255 2738; x_wconf 87' lang='lat' dir='ltr'><strong>impij</strong></span> <span class='ocrx_word' id='word_1_286' title='bbox 281 2666 360 2716; x_wconf 85' lang='lat' dir='ltr'><strong>sunt</strong></span> <span class='ocrx_word' id='word_1_287' title='bbox 380 2671 521 2736; x_wconf 82' lang='lat' dir='ltr'><strong>ragnum</strong></span> <span class='ocrx_word' id='word_1_288' title='bbox 543 2648 685 2727; x_wconf 82' lang='lat' dir='ltr'><strong>Christi,</strong></span> <span class='ocrx_word' id='word_1_289' title='bbox 713 2651 791 2736; x_wconf 86' lang='lat' dir='ltr'><strong>quia</strong></span> <span class='ocrx_word' id='word_1_290' title='bbox 812 2645 973 2714; x_wconf 88' lang='lat' dir='ltr'><strong>reuelatlo</strong></span> <span class='ocrx_word' id='word_1_291' title='bbox 994 2647 1143 2711; x_wconf 89' lang='lat' dir='ltr'><strong>nondum</strong></span> <span class='ocrx_word' id='word_1_292' title='bbox 1192 2646 1367 2733; x_wconf 87' lang='lat' dir='ltr'><strong>Principes</strong></span> <span class='ocrx_word' id='word_1_293' title='bbox 1399 2658 1434 2715; x_wconf 92' lang='lat' dir='ltr'><strong>et</strong></span> <span class='ocrx_word' id='word_1_294' title='bbox 1465 2651 1585 2717; x_wconf 88' lang='lat' dir='ltr'><strong>summi</strong></span> <span class='ocrx_word' id='word_1_295' title='bbox 1616 2650 1798 2721; x_wconf 85' lang='lat' dir='ltr'><strong>Pontifices</strong></span> <span class='ocrx_word' id='word_1_296' title='bbox 1829 2662 1864 2718; x_wconf 90' lang='lat' dir='ltr'><strong>et</strong></span> <span class='ocrx_word' id='word_1_297' title='bbox 1895 2648 1975 2733; x_wconf 82' lang='lat' dir='ltr'><strong>alij·</strong></span> <span class='ocrx_word' id='word_1_298' title='bbox 1993 2648 2171 2726; x_wconf 77' lang='lat' dir='ltr'><strong>inferiores</strong></span> 
     </span>
     <span class='ocr_line' id='line_1_27' title="bbox 163 2729 2172 2822; baseline 0 -20"><span class='ocrx_word' id='word_1_299' title='bbox 163 2733 254 2802; x_wconf 80' lang='lat' dir='ltr'><strong>facta</strong></span> <span class='ocrx_word' id='word_1_300' title='bbox 275 2747 338 2802; x_wconf 88' lang='lat' dir='ltr'><strong>est.</strong></span> <span class='ocrx_word' id='word_1_301' title='bbox 383 2734 523 2819; x_wconf 88' lang='lat' dir='ltr'><strong>Semper</strong></span> <span class='ocrx_word' id='word_1_302' title='bbox 551 2737 638 2801; x_wconf 90' lang='lat' dir='ltr'><strong>enim</strong></span> <span class='ocrx_word' id='word_1_303' title='bbox 665 2733 733 2800; x_wconf 81' lang='lat' dir='ltr'><strong>hoo</strong></span> <span class='ocrx_word' id='word_1_304' title='bbox 760 2746 814 2799; x_wconf 88' lang='lat' dir='ltr'><strong>est</strong></span> <span class='ocrx_word' id='word_1_305' title='bbox 841 2753 981 2820; x_wconf 83' lang='lat' dir='ltr'><strong>regnum</strong></span> <span class='ocrx_word' id='word_1_306' title='bbox 1003 2729 1143 2810; x_wconf 88' lang='lat' dir='ltr'><strong>Christi,</strong></span> <span class='ocrx_word' id='word_1_307' title='bbox 1192 2734 1318 2800; x_wconf 90' lang='lat' dir='ltr'><strong>inuenti</strong></span> <span class='ocrx_word' id='word_1_308' title='bbox 1340 2744 1418 2800; x_wconf 91' lang='lat' dir='ltr'><strong>sunt</strong></span> <span class='ocrx_word' id='word_1_309' title='bbox 1439 2735 1776 2819; x_wconf 84' lang='lat' dir='ltr'><strong>apostatassaafide,</strong></span> <span class='ocrx_word' id='word_1_310' title='bbox 1798 2735 1942 2822; x_wconf 88' lang='lat' dir='ltr'><strong>Propter</strong></span> <span class='ocrx_word' id='word_1_311' title='bbox 1953 2734 2172 2822; x_wconf 75' lang='lat' dir='ltr'><strong>quodliccle·</strong></span> 
     </span>
     <span class='ocr_line' id='line_1_28' title="bbox 165 2817 2172 2910; baseline 0.001 -21"><span class='ocrx_word' id='word_1_312' title='bbox 165 2821 257 2908; x_wconf 87' lang='lat' dir='ltr'><strong>qaod</strong></span> <span class='ocrx_word' id='word_1_313' title='bbox 276 2822 395 2907; x_wconf 89' lang='lat' dir='ltr'><strong>spiritu</strong></span> <span class='ocrx_word' id='word_1_314' title='bbox 416 2840 479 2886; x_wconf 90' lang='lat' dir='ltr'><strong>suo</strong></span> <span class='ocrx_word' id='word_1_315' title='bbox 502 2819 659 2899; x_wconf 78' lang='lat' dir='ltr'><strong>sinificet,</strong></span> <span class='ocrx_word' id='word_1_316' title='bbox 682 2822 755 2888; x_wconf 89' lang='lat' dir='ltr'><strong>siue</strong></span> <span class='ocrx_word' id='word_1_317' title='bbox 776 2821 821 2885; x_wconf 89' lang='lat' dir='ltr'><strong>sit</strong></span> <span class='ocrx_word' id='word_1_318' title='bbox 839 2817 1045 2894; x_wconf 86' lang='lat' dir='ltr'><strong>reuelatum,</strong></span> <span class='ocrx_word' id='word_1_319' title='bbox 1067 2817 1142 2883; x_wconf 86' lang='lat' dir='ltr'><strong>siue</strong></span> <span class='ocrx_word' id='word_1_320' title='bbox 1193 2819 1245 2885; x_wconf 85' lang='lat' dir='ltr'><strong>sia</strong></span> <span class='ocrx_word' id='word_1_321' title='bbox 1266 2820 1421 2886; x_wconf 86' lang='lat' dir='ltr'><strong>consistit</strong></span> <span class='ocrx_word' id='word_1_322' title='bbox 1440 2820 1474 2886; x_wconf 91' lang='lat' dir='ltr'><strong>in</strong></span> <span class='ocrx_word' id='word_1_323' title='bbox 1497 2818 1564 2889; x_wconf 88' lang='lat' dir='ltr'><strong>illis</strong></span> <span class='ocrx_word' id='word_1_324' title='bbox 1585 2822 1753 2906; x_wconf 84' lang='lat' dir='ltr'><strong>personis,</strong></span> <span class='ocrx_word' id='word_1_325' title='bbox 1774 2823 1809 2889; x_wconf 89' lang='lat' dir='ltr'><strong>in</strong></span> <span class='ocrx_word' id='word_1_326' title='bbox 1830 2824 1953 2910; x_wconf 83' lang='lat' dir='ltr'><strong>quihus</strong></span> <span class='ocrx_word' id='word_1_327' title='bbox 1975 2832 2032 2889; x_wconf 84' lang='lat' dir='ltr'><strong>ost</strong></span> <span class='ocrx_word' id='word_1_328' title='bbox 2048 2822 2172 2892; x_wconf 58' lang='lat' dir='ltr'><strong>aad&amp;</strong></span> 
     </span>
     <span class='ocr_line' id='line_1_29' title="bbox 164 2902 2173 2988; baseline 0.001 -15"><span class='ocrx_word' id='word_1_329' title='bbox 164 2909 208 2973; x_wconf 89' lang='lat' dir='ltr'><strong>sit</strong></span> <span class='ocrx_word' id='word_1_330' title='bbox 228 2918 352 2975; x_wconf 74' lang='lat' dir='ltr'><strong>tectum</strong></span> <span class='ocrx_word' id='word_1_331' title='bbox 374 2925 485 2973; x_wconf 85' lang='lat' dir='ltr'><strong>cruce.</strong></span> <span class='ocrx_word' id='word_1_332' title='bbox 519 2906 615 2972; x_wconf 88' lang='lat' dir='ltr'><strong>Siout</strong></span> <span class='ocrx_word' id='word_1_333' title='bbox 624 2906 713 2972; x_wconf 88' lang='lat' dir='ltr'><strong>idem</strong></span> <span class='ocrx_word' id='word_1_334' title='bbox 724 2915 776 2972; x_wconf 89' lang='lat' dir='ltr'><strong>est</strong></span> <span class='ocrx_word' id='word_1_335' title='bbox 786 2902 957 2982; x_wconf 88' lang='lat' dir='ltr'><strong>Christus,</strong></span> <span class='ocrx_word' id='word_1_336' title='bbox 978 2902 1036 2988; x_wconf 80' lang='lat' dir='ltr'><strong>qui</strong></span> <span class='ocrx_word' id='word_1_337' title='bbox 1052 2919 1143 2968; x_wconf 89' lang='lat' dir='ltr'><strong>nunc</strong></span> <span class='ocrx_word' id='word_1_338' title='bbox 1192 2923 1274 2971; x_wconf 85' lang='lat' dir='ltr'><strong>vera</strong></span> <span class='ocrx_word' id='word_1_339' title='bbox 1295 2916 1328 2970; x_wconf 92' lang='lat' dir='ltr'><strong>et</strong></span> <span class='ocrx_word' id='word_1_340' title='bbox 1350 2903 1522 2973; x_wconf 81' lang='lat' dir='ltr'><strong>confessio</strong></span> <span class='ocrx_word' id='word_1_341' title='bbox 1543 2905 1622 2974; x_wconf 87' lang='lat' dir='ltr'><strong>fidei</strong></span> <span class='ocrx_word' id='word_1_342' title='bbox 1641 2918 1676 2975; x_wconf 88' lang='lat' dir='ltr'><strong>et</strong></span> <span class='ocrx_word' id='word_1_343' title='bbox 1696 2908 1856 2975; x_wconf 79' lang='lat' dir='ltr'><strong>veritatis.</strong></span> <span class='ocrx_word' id='word_1_344' title='bbox 1899 2905 1988 2981; x_wconf 84' lang='lat' dir='ltr'><strong>Quid</strong></span> <span class='ocrx_word' id='word_1_345' title='bbox 2009 2906 2105 2974; x_wconf 86' lang='lat' dir='ltr'><strong>aliud</strong></span> <span class='ocrx_word' id='word_1_346' title='bbox 2126 2907 2173 2975; x_wconf 88' lang='lat' dir='ltr'><strong>di·</strong></span> 
     </span>
     <span class='ocr_line' id='line_1_30' title="bbox 187 2987 2174 3079; baseline 0.003 -21"><span class='ocrx_word' id='word_1_347' title='bbox 187 2990 374 3060; x_wconf 85' lang='lat' dir='ltr'><strong>loriiieatus</strong></span> <span class='ocrx_word' id='word_1_348' title='bbox 396 3002 462 3070; x_wconf 89' lang='lat' dir='ltr'><strong>est,</strong></span> <span class='ocrx_word' id='word_1_349' title='bbox 482 3001 583 3057; x_wconf 88' lang='lat' dir='ltr'><strong>antea</strong></span> <span class='ocrx_word' id='word_1_350' title='bbox 603 2988 750 3058; x_wconf 83' lang='lat' dir='ltr'><strong>afflictus</strong></span> <span class='ocrx_word' id='word_1_351' title='bbox 772 3002 855 3056; x_wconf 89' lang='lat' dir='ltr'><strong>erat.</strong></span> <span class='ocrx_word' id='word_1_352' title='bbox 885 2989 930 3054; x_wconf 86' lang='lat' dir='ltr'><strong>Et</strong></span> <span class='ocrx_word' id='word_1_353' title='bbox 939 2987 1142 3054; x_wconf 87' lang='lat' dir='ltr'><strong>conueniunt</strong></span> <span class='ocrx_word' id='word_1_354' title='bbox 1192 2992 1301 3057; x_wconf 84' lang='lat' dir='ltr'><strong>ximus</strong></span> <span class='ocrx_word' id='word_1_355' title='bbox 1324 3009 1389 3056; x_wconf 89' lang='lat' dir='ltr'><strong>nos</strong></span> <span class='ocrx_word' id='word_1_356' title='bbox 1409 2991 1446 3058; x_wconf 90' lang='lat' dir='ltr'><strong>in</strong></span> <span class='ocrx_word' id='word_1_357' title='bbox 1467 2990 1683 3061; x_wconf 82' lang='lat' dir='ltr'><strong>confessione</strong></span> <span class='ocrx_word' id='word_1_358' title='bbox 1703 3006 1840 3075; x_wconf 86' lang='lat' dir='ltr'><strong>nostra,</strong></span> <span class='ocrx_word' id='word_1_359' title='bbox 1866 3011 1966 3079; x_wconf 81' lang='lat' dir='ltr'><strong>quam</strong></span> <span class='ocrx_word' id='word_1_360' title='bbox 1991 2993 2086 3078; x_wconf 78' lang='lat' dir='ltr'><strong>quod</strong></span> <span class='ocrx_word' id='word_1_361' title='bbox 2114 2993 2174 3063; x_wconf 84' lang='lat' dir='ltr'><strong>hio</strong></span> 
     </span>
     <span class='ocr_line' id='line_1_31' title="bbox 162 3013 2172 3164; baseline -0.003 -19"><span class='ocrx_word' id='word_1_362' title='bbox 162 3013 232 3145; x_wconf 56' lang='lat' dir='ltr'><strong>fluo</strong></span> <span class='ocrx_word' id='word_1_363' title='bbox 253 3077 486 3145; x_wconf 85' lang='lat' dir='ltr'><strong>similitudines</strong></span> <span class='ocrx_word' id='word_1_364' title='bbox 497 3075 636 3156; x_wconf 80' lang='lat' dir='ltr'><strong>christi,</strong></span> <span class='ocrx_word' id='word_1_365' title='bbox 658 3079 715 3164; x_wconf 90' lang='lat' dir='ltr'><strong>qui</strong></span> <span class='ocrx_word' id='word_1_366' title='bbox 738 3073 830 3143; x_wconf 87' lang='lat' dir='ltr'><strong>clare</strong></span> <span class='ocrx_word' id='word_1_367' title='bbox 850 3075 930 3141; x_wconf 89' lang='lat' dir='ltr'><strong>dicit</strong></span> <span class='ocrx_word' id='word_1_368' title='bbox 941 3070 1059 3140; x_wconf 84' lang='lat' dir='ltr'><strong>lllatth·</strong></span> <span class='ocrx_word' id='word_1_369' title='bbox 1070 3070 1141 3158; x_wconf 83' lang='lat' dir='ltr'><strong>xiij.</strong></span> <span class='ocrx_word' id='word_1_370' title='bbox 1194 3077 1273 3142; x_wconf 88' lang='lat' dir='ltr'><strong>dicit</strong></span> <span class='ocrx_word' id='word_1_371' title='bbox 1293 3074 1409 3162; x_wconf 82' lang='lat' dir='ltr'><strong>Lyra‘l</strong></span> <span class='ocrx_word' id='word_1_372' title='bbox 1545 3090 1547 3095; x_wconf 82' lang='grc'><strong>’</strong></span> <span class='ocrx_word' id='word_1_373' title='bbox 1737 3134 1766 3153; x_wconf 77' lang='grc'><strong>.,</strong></span> <span class='ocrx_word' id='word_1_374' title='bbox 2169 3133 2172 3139; x_wconf 90' lang='grc'>.</span> 
     </span>
     <span class='ocr_line' id='line_1_32' title="bbox 163 3154 2173 3253; baseline -0.001 -22"><span class='ocrx_word' id='word_1_375' title='bbox 163 3164 297 3231; x_wconf 87' lang='lat' dir='ltr'><strong>Bonum</strong></span> <span class='ocrx_word' id='word_1_376' title='bbox 319 3182 437 3229; x_wconf 89' lang='lat' dir='ltr'><strong>semen</strong></span> <span class='ocrx_word' id='word_1_377' title='bbox 459 3180 538 3228; x_wconf 85' lang='lat' dir='ltr'><strong>esse</strong></span> <span class='ocrx_word' id='word_1_378' title='bbox 560 3159 648 3228; x_wconf 84' lang='lat' dir='ltr'><strong>filios</strong></span> <span class='ocrx_word' id='word_1_379' title='bbox 670 3163 777 3253; x_wconf 72' lang='lat' dir='ltr'><strong>regni.</strong></span> <span class='ocrx_word' id='word_1_380' title='bbox 826 3162 875 3229; x_wconf 77' lang='lat' dir='ltr'><strong>At</strong></span> <span class='ocrx_word' id='word_1_381' title='bbox 895 3160 1031 3226; x_wconf 80' lang='lat' dir='ltr'><strong>Zizania</strong></span> <span class='ocrx_word' id='word_1_382' title='bbox 1051 3154 1142 3222; x_wconf 88' lang='lat' dir='ltr'><strong>filios</strong></span> <span class='ocrx_word' id='word_1_383' title='bbox 1280 3161 1350 3228; x_wconf 86' lang='lat' dir='ltr'><strong>Sed</strong></span> <span class='ocrx_word' id='word_1_384' title='bbox 1376 3157 1536 3230; x_wconf 86' lang='lat' dir='ltr'><strong>fortassis</strong></span> <span class='ocrx_word' id='word_1_385' title='bbox 1563 3162 1750 3248; x_wconf 79' lang='lat' dir='ltr'><strong>aduersarii</strong></span> <span class='ocrx_word' id='word_1_386' title='bbox 1772 3166 1824 3232; x_wconf 88' lang='lat' dir='ltr'><strong>sio</strong></span> <span class='ocrx_word' id='word_1_387' title='bbox 1840 3157 2017 3248; x_wconf 82' lang='lat' dir='ltr'><strong>postulant</strong></span> <span class='ocrx_word' id='word_1_388' title='bbox 2037 3160 2173 3229; x_wconf 83' lang='lat' dir='ltr'><strong>deliniri</strong></span> 
     </span>
     <span class='ocr_line' id='line_1_33' title="bbox 164 3241 2173 3334; baseline -0 -18"><span class='ocrx_word' id='word_1_389' title='bbox 164 3248 300 3328; x_wconf 85' lang='lat' dir='ltr'><strong>diaboli,</strong></span> <span class='ocrx_word' id='word_1_390' title='bbox 322 3269 440 3334; x_wconf 77' lang='lat' dir='ltr'><strong>egram</strong></span> <span class='ocrx_word' id='word_1_391' title='bbox 462 3248 541 3314; x_wconf 84' lang='lat' dir='ltr'><strong>dicit</strong></span> <span class='ocrx_word' id='word_1_392' title='bbox 560 3250 717 3314; x_wconf 88' lang='lat' dir='ltr'><strong>mundum</strong></span> <span class='ocrx_word' id='word_1_393' title='bbox 738 3268 830 3327; x_wconf 86' lang='lat' dir='ltr'><strong>esse,</strong></span> <span class='ocrx_word' id='word_1_394' title='bbox 850 3265 921 3313; x_wconf 87' lang='lat' dir='ltr'><strong>noo</strong></span> <span class='ocrx_word' id='word_1_395' title='bbox 942 3241 1141 3312; x_wconf 80' lang='lat' dir='ltr'><strong>Ecclesiam.</strong></span> <span class='ocrx_word' id='word_1_396' title='bbox 1192 3244 1398 3327; x_wconf 85' lang='lat' dir='ltr'><strong>Ecclesiam,</strong></span> <span class='ocrx_word' id='word_1_397' title='bbox 1431 3250 1524 3333; x_wconf 83' lang='lat' dir='ltr'><strong>quod</strong></span> <span class='ocrx_word' id='word_1_398' title='bbox 1550 3252 1594 3315; x_wconf 89' lang='lat' dir='ltr'><strong>sit</strong></span> <span class='ocrx_word' id='word_1_399' title='bbox 1621 3247 1821 3317; x_wconf 85' lang='lat' dir='ltr'><strong>Monarchia</strong></span> <span class='ocrx_word' id='word_1_400' title='bbox 1848 3258 1987 3315; x_wconf 81' lang='lat' dir='ltr'><strong>externa</strong></span> <span class='ocrx_word' id='word_1_401' title='bbox 2014 3266 2173 3332; x_wconf 82' lang='lat' dir='ltr'><strong>supreme</strong></span> 
     </span>
     <span class='ocr_line' id='line_1_34' title="bbox 164 3327 2172 3422; baseline 0 -22"><span class='ocrx_word' id='word_1_402' title='bbox 164 3336 214 3400; x_wconf 89' lang='lat' dir='ltr'><strong>lta</strong></span> <span class='ocrx_word' id='word_1_403' title='bbox 235 3334 402 3400; x_wconf 85' lang='lat' dir='ltr'><strong>lohannes</strong></span> <span class='ocrx_word' id='word_1_404' title='bbox 429 3335 472 3399; x_wconf 91' lang='lat' dir='ltr'><strong>de</strong></span> <span class='ocrx_word' id='word_1_405' title='bbox 498 3332 558 3400; x_wconf 87' lang='lat' dir='ltr'><strong>illa</strong></span> <span class='ocrx_word' id='word_1_406' title='bbox 585 3344 654 3398; x_wconf 87' lang='lat' dir='ltr'><strong>tota</strong></span> <span class='ocrx_word' id='word_1_407' title='bbox 675 3345 776 3420; x_wconf 74' lang='lat' dir='ltr'><strong>gente</strong></span> <span class='ocrx_word' id='word_1_408' title='bbox 796 3333 974 3400; x_wconf 85' lang='lat' dir='ltr'><strong>ludeoram</strong></span> <span class='ocrx_word' id='word_1_409' title='bbox 995 3327 1144 3414; x_wconf 86' lang='lat' dir='ltr'><strong>loquitur</strong></span> <span class='ocrx_word' id='word_1_410' title='bbox 1193 3334 1296 3399; x_wconf 88' lang='lat' dir='ltr'><strong>totius</strong></span> <span class='ocrx_word' id='word_1_411' title='bbox 1323 3335 1415 3400; x_wconf 88' lang='lat' dir='ltr'><strong>orbis</strong></span> <span class='ocrx_word' id='word_1_412' title='bbox 1441 3346 1624 3415; x_wconf 91' lang='lat' dir='ltr'><strong>terrarum,</strong></span> <span class='ocrx_word' id='word_1_413' title='bbox 1650 3338 1687 3401; x_wconf 91' lang='lat' dir='ltr'><strong>in</strong></span> <span class='ocrx_word' id='word_1_414' title='bbox 1714 3356 1784 3422; x_wconf 86' lang='lat' dir='ltr'><strong>qua</strong></span> <span class='ocrx_word' id='word_1_415' title='bbox 1807 3343 1962 3420; x_wconf 85' lang='lat' dir='ltr'><strong>oporteat</strong></span> <span class='ocrx_word' id='word_1_416' title='bbox 1982 3329 2172 3401; x_wconf 72' lang='grc' dir='ltr'>Βοωιι</span> 
     </span>
     <span class='ocr_line' id='line_1_35' title="bbox 165 3410 2173 3505; baseline 0 -21"><span class='ocrx_word' id='word_1_417' title='bbox 165 3429 200 3484; x_wconf 86' lang='lat' dir='ltr'><strong>et</strong></span> <span class='ocrx_word' id='word_1_418' title='bbox 226 3420 307 3485; x_wconf 89' lang='lat' dir='ltr'><strong>dicit</strong></span> <span class='ocrx_word' id='word_1_419' title='bbox 321 3418 424 3497; x_wconf 70' lang='lat' dir='ltr'><strong>dore,</strong></span> <span class='ocrx_word' id='word_1_420' title='bbox 456 3430 492 3484; x_wconf 89' lang='lat' dir='ltr'><strong>vt</strong></span> <span class='ocrx_word' id='word_1_421' title='bbox 523 3439 606 3485; x_wconf 81' lang='lat' dir='ltr'><strong>vera</strong></span> <span class='ocrx_word' id='word_1_422' title='bbox 626 3417 784 3486; x_wconf 86' lang='lat' dir='ltr'><strong>Ecclesia</strong></span> <span class='ocrx_word' id='word_1_423' title='bbox 809 3427 985 3504; x_wconf 86' lang='lat' dir='ltr'><strong>separetur</strong></span> <span class='ocrx_word' id='word_1_424' title='bbox 1011 3416 1055 3481; x_wconf 91' lang='lat' dir='ltr'><strong>ab</strong></span> <span class='ocrx_word' id='word_1_425' title='bbox 1083 3410 1143 3479; x_wconf 91' lang='lat' dir='ltr'><strong>illo</strong></span> <span class='ocrx_word' id='word_1_426' title='bbox 1193 3419 1389 3485; x_wconf 83' lang='lat' dir='ltr'><strong>Pontificem</strong></span> <span class='ocrx_word' id='word_1_427' title='bbox 1409 3420 1536 3486; x_wconf 89' lang='lat' dir='ltr'><strong>habere</strong></span> <span class='ocrx_word' id='word_1_428' title='bbox 1557 3432 1757 3505; x_wconf 67' lang='lat' dir='ltr'><strong>potestatn</strong></span> <span class='ocrx_word' id='word_1_429' title='bbox 1778 3417 2007 3499; x_wconf 67' lang='lat' dir='ltr'><strong>amaseam,</strong></span> <span class='ocrx_word' id='word_1_430' title='bbox 2038 3419 2081 3485; x_wconf 87' lang='lat' dir='ltr'><strong>de</strong></span> <span class='ocrx_word' id='word_1_431' title='bbox 2104 3437 2173 3504; x_wconf 68' lang='lat' dir='ltr'><strong>aaa</strong></span> 
     </span>
     <span class='ocr_line' id='line_1_36' title="bbox 190 3500 2173 3591; baseline 0.001 -21"><span class='ocrx_word' id='word_1_432' title='bbox 190 3503 303 3590; x_wconf 89' lang='lat' dir='ltr'><strong>opulo.</strong></span> <span class='ocrx_word' id='word_1_433' title='bbox 336 3507 450 3590; x_wconf 82' lang='lat' dir='ltr'><strong>ltaque</strong></span> <span class='ocrx_word' id='word_1_434' title='bbox 471 3504 527 3572; x_wconf 91' lang='lat' dir='ltr'><strong>hic</strong></span> <span class='ocrx_word' id='word_1_435' title='bbox 549 3503 647 3571; x_wconf 91' lang='lat' dir='ltr'><strong>locus</strong></span> <span class='ocrx_word' id='word_1_436' title='bbox 668 3506 779 3591; x_wconf 81' lang='lat' dir='ltr'><strong>magis</strong></span> <span class='ocrx_word' id='word_1_437' title='bbox 797 3513 916 3569; x_wconf 88' lang='lat' dir='ltr'><strong>contra</strong></span> <span class='ocrx_word' id='word_1_438' title='bbox 926 3500 1143 3569; x_wconf 82' lang='lat' dir='ltr'><strong>aduersarios</strong></span> <span class='ocrx_word' id='word_1_439' title='bbox 1192 3505 1315 3570; x_wconf 88' lang='lat' dir='ltr'><strong>nomini</strong></span> <span class='ocrx_word' id='word_1_440' title='bbox 1335 3503 1436 3573; x_wconf 86' lang='lat' dir='ltr'><strong>liceat</strong></span> <span class='ocrx_word' id='word_1_441' title='bbox 1456 3507 1508 3571; x_wconf 90' lang='lat' dir='ltr'><strong>dis</strong></span> <span class='ocrx_word' id='word_1_442' title='bbox 1531 3517 1627 3573; x_wconf 88' lang='lat' dir='ltr'><strong>atara</strong></span> <span class='ocrx_word' id='word_1_443' title='bbox 1647 3519 1706 3572; x_wconf 90' lang='lat' dir='ltr'><strong>aut</strong></span> <span class='ocrx_word' id='word_1_444' title='bbox 1726 3508 1888 3586; x_wconf 88' lang='lat' dir='ltr'><strong>iudicare,</strong></span> <span class='ocrx_word' id='word_1_445' title='bbox 1909 3504 2075 3572; x_wconf 67' lang='lat' dir='ltr'><strong>contudi</strong></span> <span class='ocrx_word' id='word_1_446' title='bbox 2093 3503 2173 3571; x_wconf 81' lang='lat' dir='ltr'><strong>arti·</strong></span> 
     </span>
     <span class='ocr_line' id='line_1_37' title="bbox 51 3585 2171 3679; baseline -0.001 -23"><span class='ocrx_word' id='word_1_447' title='bbox 51 3587 55 3595; x_wconf 81' lang='grc'><em>“</em></span> <span class='ocrx_word' id='word_1_448' title='bbox 201 3591 263 3670; x_wconf 88' lang='lat' dir='ltr'><strong>cit,</strong></span> <span class='ocrx_word' id='word_1_449' title='bbox 284 3610 383 3677; x_wconf 85' lang='lat' dir='ltr'><strong>quam</strong></span> <span class='ocrx_word' id='word_1_450' title='bbox 431 3610 471 3654; x_wconf 92' lang='lat' dir='ltr'><strong>ro</strong></span> <span class='ocrx_word' id='word_1_451' title='bbox 493 3593 563 3670; x_wconf 82' lang='lat' dir='ltr'><strong>eis,</strong></span> <span class='ocrx_word' id='word_1_452' title='bbox 584 3592 662 3677; x_wconf 88' lang='lat' dir='ltr'><strong>quia</strong></span> <span class='ocrx_word' id='word_1_453' title='bbox 685 3590 833 3657; x_wconf 87' lang='lat' dir='ltr'><strong>ostendit</strong></span> <span class='ocrx_word' id='word_1_454' title='bbox 852 3607 969 3655; x_wconf 86' lang='lat' dir='ltr'><strong>verum</strong></span> <span class='ocrx_word' id='word_1_455' title='bbox 990 3598 1024 3654; x_wconf 88' lang='lat' dir='ltr'><strong>et</strong></span> <span class='ocrx_word' id='word_1_456' title='bbox 1046 3585 1143 3670; x_wconf 88' lang='lat' dir='ltr'><strong>spirl-</strong></span> <span class='ocrx_word' id='word_1_457' title='bbox 1195 3587 1291 3656; x_wconf 87' lang='lat' dir='ltr'><strong>culos</strong></span> <span class='ocrx_word' id='word_1_458' title='bbox 1318 3591 1413 3670; x_wconf 85' lang='lat' dir='ltr'><strong>fidei,</strong></span> <span class='ocrx_word' id='word_1_459' title='bbox 1440 3593 1507 3657; x_wconf 75' lang='lat' dir='ltr'><strong>alio</strong></span> <span class='ocrx_word' id='word_1_460' title='bbox 1540 3593 1597 3657; x_wconf 91' lang='lat' dir='ltr'><strong>ndi</strong></span> <span class='ocrx_word' id='word_1_461' title='bbox 1625 3593 1810 3679; x_wconf 80' lang='lat' dir='ltr'><strong>scripturas</strong></span> <span class='ocrx_word' id='word_1_462' title='bbox 1839 3611 1927 3678; x_wconf 85' lang='lat' dir='ltr'><strong>quas</strong></span> <span class='ocrx_word' id='word_1_463' title='bbox 1954 3586 2053 3667; x_wconf 84' lang='lat' dir='ltr'><strong>velit,</strong></span> <span class='ocrx_word' id='word_1_464' title='bbox 2078 3588 2171 3654; x_wconf 86' lang='lat' dir='ltr'><strong>insti·</strong></span> 
     </span>
     <span class='ocr_line' id='line_1_38' title="bbox 165 3613 2171 3764; baseline -0.001 -22"><span class='ocrx_word' id='word_1_465' title='bbox 165 3675 291 3743; x_wconf 82' lang='lat' dir='ltr'><strong>tualcm</strong></span> <span class='ocrx_word' id='word_1_466' title='bbox 312 3613 483 3762; x_wconf 58' lang='lat' dir='ltr'><strong>papalium,</strong></span> <span class='ocrx_word' id='word_1_467' title='bbox 505 3674 668 3761; x_wconf 87' lang='lat' dir='ltr'><strong>apopulo</strong></span> <span class='ocrx_word' id='word_1_468' title='bbox 680 3672 1042 3760; x_wconf 87' lang='lat' dir='ltr'><strong>carnaliseparandnm</strong></span> <span class='ocrx_word' id='word_1_469' title='bbox 1053 3689 1143 3736; x_wconf 87' lang='lat' dir='ltr'><strong>asse.</strong></span> <span class='ocrx_word' id='word_1_470' title='bbox 1193 3676 1308 3742; x_wconf 89' lang='lat' dir='ltr'><strong>tuendi</strong></span> <span class='ocrx_word' id='word_1_471' title='bbox 1328 3675 1440 3742; x_wconf 88' lang='lat' dir='ltr'><strong>cultus</strong></span> <span class='ocrx_word' id='word_1_472' title='bbox 1460 3688 1494 3741; x_wconf 92' lang='lat' dir='ltr'><strong>at</strong></span> <span class='ocrx_word' id='word_1_473' title='bbox 1510 3676 1687 3757; x_wconf 84' lang='lat' dir='ltr'><strong>sacrificia,</strong></span> <span class='ocrx_word' id='word_1_474' title='bbox 1708 3678 1789 3743; x_wconf 87' lang='lat' dir='ltr'><strong>ltern</strong></span> <span class='ocrx_word' id='word_1_475' title='bbox 1802 3677 1970 3743; x_wconf 87' lang='lat' dir='ltr'><strong>condendi</strong></span> <span class='ocrx_word' id='word_1_476' title='bbox 1979 3672 2171 3764; x_wconf 73' lang='lat' dir='ltr'><strong>legesque·</strong></span> 
     </span>
     <span class='ocr_line' id='line_1_39' title="bbox 165 3756 2171 3848; baseline 0 -21"><span class='ocrx_word' id='word_1_477' title='bbox 165 3760 209 3827; x_wconf 87' lang='lat' dir='ltr'><strong>Et</strong></span> <span class='ocrx_word' id='word_1_478' title='bbox 235 3761 392 3828; x_wconf 87' lang='lat' dir='ltr'><strong>Christus</strong></span> <span class='ocrx_word' id='word_1_479' title='bbox 426 3762 469 3826; x_wconf 89' lang='lat' dir='ltr'><strong>de</strong></span> <span class='ocrx_word' id='word_1_480' title='bbox 502 3764 615 3846; x_wconf 84' lang='lat' dir='ltr'><strong>speeie</strong></span> <span class='ocrx_word' id='word_1_481' title='bbox 642 3759 817 3828; x_wconf 87' lang='lat' dir='ltr'><strong>Ecclesiae</strong></span> <span class='ocrx_word' id='word_1_482' title='bbox 849 3760 945 3837; x_wconf 89' lang='lat' dir='ltr'><strong>dicit,</strong></span> <span class='ocrx_word' id='word_1_483' title='bbox 963 3776 1054 3848; x_wconf 78' lang='lat' dir='ltr'><strong>¹cum</strong></span> <span class='ocrx_word' id='word_1_484' title='bbox 1085 3756 1143 3821; x_wconf 78' lang='lat' dir='ltr'><strong>ait.</strong></span> <span class='ocrx_word' id='word_1_485' title='bbox 1193 3758 1284 3838; x_wconf 87' lang='lat' dir='ltr'><strong>velit,</strong></span> <span class='ocrx_word' id='word_1_486' title='bbox 1306 3762 1522 3847; x_wconf 88' lang='lat' dir='ltr'><strong>dispensandi</strong></span> <span class='ocrx_word' id='word_1_487' title='bbox 1548 3774 1583 3828; x_wconf 89' lang='lat' dir='ltr'><strong>at</strong></span> <span class='ocrx_word' id='word_1_488' title='bbox 1604 3759 1759 3829; x_wconf 88' lang='lat' dir='ltr'><strong>soluendi</strong></span> <span class='ocrx_word' id='word_1_489' title='bbox 1773 3765 2031 3848; x_wconf 85' lang='lat' dir='ltr'><strong>quibuscunque</strong></span> <span class='ocrx_word' id='word_1_490' title='bbox 2040 3757 2171 3847; x_wconf 78' lang='lat' dir='ltr'><strong>legibus</strong></span> 
     </span>
     <span class='ocr_line' id='line_1_40' title="bbox 166 3842 2171 3933; baseline -0.002 -20"><span class='ocrx_word' id='word_1_491' title='bbox 166 3845 285 3913; x_wconf 86' lang='lat' dir='ltr'><strong>Simile</strong></span> <span class='ocrx_word' id='word_1_492' title='bbox 309 3860 362 3914; x_wconf 86' lang='lat' dir='ltr'><strong>est</strong></span> <span class='ocrx_word' id='word_1_493' title='bbox 388 3865 527 3932; x_wconf 79' lang='lat' dir='ltr'><strong>regnum</strong></span> <span class='ocrx_word' id='word_1_494' title='bbox 555 3843 727 3912; x_wconf 87' lang='lat' dir='ltr'><strong>coelorum</strong></span> <span class='ocrx_word' id='word_1_495' title='bbox 751 3843 912 3933; x_wconf 75' lang='lat' dir='ltr'><strong>lagenae,</strong></span> <span class='ocrx_word' id='word_1_496' title='bbox 941 3853 999 3909; x_wconf 83' lang='lat' dir='ltr'><strong>aut</strong></span> <span class='ocrx_word' id='word_1_497' title='bbox 1025 3842 1144 3907; x_wconf 84' lang='lat' dir='ltr'><strong>decem</strong></span> <span class='ocrx_word' id='word_1_498' title='bbox 1193 3843 1275 3913; x_wconf 81' lang='lat' dir='ltr'><strong>velit</strong></span> <span class='ocrx_word' id='word_1_499' title='bbox 1283 3846 1417 3927; x_wconf 89' lang='lat' dir='ltr'><strong>diuinis,</strong></span> <span class='ocrx_word' id='word_1_500' title='bbox 1438 3849 1625 3927; x_wconf 75' lang='lat' dir='ltr'><strong>mannisis,</strong></span> <span class='ocrx_word' id='word_1_501' title='bbox 1645 3845 1854 3927; x_wconf 89' lang='lat' dir='ltr'><strong>etciuilihus,</strong></span> <span class='ocrx_word' id='word_1_502' title='bbox 1871 3866 1975 3933; x_wconf 87' lang='lat' dir='ltr'><strong>aquo</strong></span> <span class='ocrx_word' id='word_1_503' title='bbox 1988 3845 2171 3931; x_wconf 84' lang='lat' dir='ltr'><strong>Imperator</strong></span> 
     </span>
     <span class='ocr_line' id='line_1_41' title="bbox 164 3924 2171 4103; baseline 0 -20"><span class='ocrx_word' id='word_1_504' title='bbox 164 3934 427 4084; x_wconf 63' lang='lat' dir='ltr'><strong>{hildini</strong></span> <span class='ocrx_word' id='word_1_505' title='bbox 442 3924 1144 4102; x_wconf 53' lang='lat' dir='ltr'><strong>“ihildhtditthiitliit</strong></span> <span class='ocrx_word' id='word_1_506' title='bbox 1193 3929 2171 4103; x_wconf 52' lang='lat' dir='ltr'><strong>tihtitmitttitdtt‘ffiihtiffi</strong></span> 
     </span>
     <span class='ocr_line' id='line_1_42' title="bbox 164 4062 2170 4190; baseline -0.002 -20"><span class='ocrx_word' id='word_1_507' title='bbox 164 4115 201 4170; x_wconf 81' lang='lat' dir='ltr'><strong>rt</strong></span> <span class='ocrx_word' id='word_1_508' title='bbox 232 4105 379 4172; x_wconf 86' lang='lat' dir='ltr'><strong>sciamus</strong></span> <span class='ocrx_word' id='word_1_509' title='bbox 407 4062 545 4169; x_wconf 65' lang='lat' dir='ltr'><strong>verbum</strong></span> <span class='ocrx_word' id='word_1_510' title='bbox 572 4115 605 4168; x_wconf 92' lang='lat' dir='ltr'><strong>et</strong></span> <span class='ocrx_word' id='word_1_511' title='bbox 632 4113 844 4169; x_wconf 88' lang='lat' dir='ltr'><strong>sacramenta</strong></span> <span class='ocrx_word' id='word_1_512' title='bbox 870 4097 1024 4168; x_wconf 82' lang='lat' dir='ltr'><strong>efficacia</strong></span> <span class='ocrx_word' id='word_1_513' title='bbox 1052 4116 1144 4178; x_wconf 80' lang='lat' dir='ltr'><strong>essa,</strong></span> <span class='ocrx_word' id='word_1_514' title='bbox 1194 4066 1386 4181; x_wconf 70' lang='lat' dir='ltr'><strong>subiecerit,</strong></span> <span class='ocrx_word' id='word_1_515' title='bbox 1406 4102 1546 4190; x_wconf 77' lang='lat' dir='ltr'><strong>intelligi</strong></span> <span class='ocrx_word' id='word_1_516' title='bbox 1569 4065 2170 4190; x_wconf 75' lang='lat' dir='ltr'><strong>oportaat&#39;hootustnl’apmmm</strong></span> 
     </span>
     <span class='ocr_line' id='line_1_43' title="bbox 165 4184 2170 4276; baseline -0.002 -20"><span class='ocrx_word' id='word_1_517' title='bbox 165 4191 230 4256; x_wconf 90' lang='lat' dir='ltr'><strong>etsi</strong></span> <span class='ocrx_word' id='word_1_518' title='bbox 250 4200 435 4256; x_wconf 89' lang='lat' dir='ltr'><strong>tractentur</strong></span> <span class='ocrx_word' id='word_1_519' title='bbox 455 4209 476 4255; x_wconf 88' lang='lat' dir='ltr'><strong>a</strong></span> <span class='ocrx_word' id='word_1_520' title='bbox 496 4187 608 4267; x_wconf 87' lang='lat' dir='ltr'><strong>malis,</strong></span> <span class='ocrx_word' id='word_1_521' title='bbox 629 4200 731 4276; x_wconf 86' lang='lat' dir='ltr'><strong>atque</strong></span> <span class='ocrx_word' id='word_1_522' title='bbox 751 4188 882 4255; x_wconf 90' lang='lat' dir='ltr'><strong>interim</strong></span> <span class='ocrx_word' id='word_1_523' title='bbox 902 4188 1003 4252; x_wconf 90' lang='lat' dir='ltr'><strong>docet</strong></span> <span class='ocrx_word' id='word_1_524' title='bbox 1023 4184 1143 4266; x_wconf 91' lang='lat' dir='ltr'><strong>impios</strong></span> <span class='ocrx_word' id='word_1_525' title='bbox 1193 4186 1296 4253; x_wconf 87' lang='lat' dir='ltr'><strong>latum</strong></span> <span class='ocrx_word' id='word_1_526' title='bbox 1321 4207 1410 4254; x_wconf 89' lang='lat' dir='ltr'><strong>essa.</strong></span> <span class='ocrx_word' id='word_1_527' title='bbox 1456 4188 1569 4263; x_wconf 87' lang='lat' dir='ltr'><strong>Quare</strong></span> <span class='ocrx_word' id='word_1_528' title='bbox 1590 4207 1734 4256; x_wconf 86' lang='lat' dir='ltr'><strong>neeesse</strong></span> <span class='ocrx_word' id='word_1_529' title='bbox 1754 4190 1799 4255; x_wconf 87' lang='lat' dir='ltr'><strong>sit</strong></span> <span class='ocrx_word' id='word_1_530' title='bbox 1818 4186 1946 4272; x_wconf 84' lang='lat' dir='ltr'><strong>Papam</strong></span> <span class='ocrx_word' id='word_1_531' title='bbox 1966 4206 2049 4252; x_wconf 88' lang='lat' dir='ltr'><strong>esse</strong></span> <span class='ocrx_word' id='word_1_532' title='bbox 2071 4187 2170 4252; x_wconf 80' lang='lat' dir='ltr'><strong>dond-</strong></span> 
     </span>
     <span class='ocr_line' id='line_1_44' title="bbox 165 4269 2170 4380; baseline -0.001 -40"><span class='ocrx_word' id='word_1_533' title='bbox 165 4274 260 4355; x_wconf 90' lang='lat' dir='ltr'><strong>illos,</strong></span> <span class='ocrx_word' id='word_1_534' title='bbox 289 4277 441 4362; x_wconf 86' lang='lat' dir='ltr'><strong>quamuis</strong></span> <span class='ocrx_word' id='word_1_535' title='bbox 470 4273 618 4340; x_wconf 89' lang='lat' dir='ltr'><strong>habeant</strong></span> <span class='ocrx_word' id='word_1_536' title='bbox 644 4278 841 4340; x_wconf 90' lang='lat' dir='ltr'><strong>societatem</strong></span> <span class='ocrx_word' id='word_1_537' title='bbox 862 4283 1077 4375; x_wconf 69' lang='lat' dir='ltr'><strong>externorpm</strong></span> <span class='ocrx_word' id='word_1_538' title='bbox 1099 4269 1143 4333; x_wconf 92' lang='lat' dir='ltr'><strong>si·</strong></span> <span class='ocrx_word' id='word_1_539' title='bbox 1192 4273 1385 4376; x_wconf 72' lang='lat' dir='ltr'><strong>numtotius</strong></span> <span class='ocrx_word' id='word_1_540' title='bbox 1397 4275 1490 4341; x_wconf 86' lang='lat' dir='ltr'><strong>orbis</strong></span> <span class='ocrx_word' id='word_1_541' title='bbox 1503 4286 1679 4380; x_wconf 77' lang='lat' dir='ltr'><strong>terrarum,</strong></span> <span class='ocrx_word' id='word_1_542' title='bbox 1699 4274 1843 4342; x_wconf 89' lang='lat' dir='ltr'><strong>omnium</strong></span> <span class='ocrx_word' id='word_1_543' title='bbox 1854 4291 2038 4378; x_wconf 73' lang='lat' dir='ltr'><strong>regnorum</strong></span> <span class='ocrx_word' id='word_1_544' title='bbox 2048 4270 2170 4349; x_wconf 85' lang='lat' dir='ltr'><strong>muudi,</strong></span> 
     </span>
     <span class='ocr_line' id='line_1_45' title="bbox 165 4354 2171 4531; baseline -0.001 -21"><span class='ocrx_word' id='word_1_545' title='bbox 165 4354 1144 4529; x_wconf 55' lang='lat' dir='ltr'><strong>titisdiii.&#39;¹titiiiiiii-‘ittihhhtf</strong></span> <span class='ocrx_word' id='word_1_546' title='bbox 1193 4355 2171 4531; x_wconf 57' lang='lat' dir='ltr'><strong>⁰d¹ithiiit0t2ddhitittilffishld</strong></span> 
     </span>
     <span class='ocr_line' id='line_1_46' title="bbox 165 4464 2171 4638; baseline -0 -44"><span class='ocrx_word' id='word_1_547' title='bbox 165 4527 285 4636; x_wconf 75' lang='lat' dir='ltr'><strong>Neque</strong></span> <span class='ocrx_word' id='word_1_548' title='bbox 307 4551 389 4638; x_wconf 70' lang='lat' dir='ltr'><strong>vorc</strong></span> <span class='ocrx_word' id='word_1_549' title='bbox 411 4531 617 4636; x_wconf 78' lang='lat' dir='ltr'><strong>somniamus</strong></span> <span class='ocrx_word' id='word_1_550' title='bbox 639 4550 702 4594; x_wconf 86' lang='lat' dir='ltr'><strong>nos</strong></span> <span class='ocrx_word' id='word_1_551' title='bbox 726 4527 932 4633; x_wconf 72' lang='lat' dir='ltr'><strong>Platonicam</strong></span> <span class='ocrx_word' id='word_1_552' title='bbox 962 4526 1140 4630; x_wconf 71' lang='lat' dir='ltr'><strong>ciuitatem,</strong></span> <span class='ocrx_word' id='word_1_553' title='bbox 1192 4464 1293 4606; x_wconf 55' lang='lat' dir='ltr'><strong>Rbus,</strong></span> <span class='ocrx_word' id='word_1_554' title='bbox 1313 4528 1439 4597; x_wconf 85' lang='lat' dir='ltr'><strong>habere</strong></span> <span class='ocrx_word' id='word_1_555' title='bbox 1456 4541 1632 4617; x_wconf 81' lang='lat' dir='ltr'><strong>virumque</strong></span> <span class='ocrx_word' id='word_1_556' title='bbox 1649 4527 1807 4635; x_wconf 74' lang='lat' dir='ltr'><strong>gladium,</strong></span> <span class='ocrx_word' id='word_1_557' title='bbox 1829 4525 2036 4632; x_wconf 78' lang='lat' dir='ltr'><strong>spiritualem</strong></span> <span class='ocrx_word' id='word_1_558' title='bbox 2048 4540 2084 4594; x_wconf 92' lang='lat' dir='ltr'><strong>et</strong></span> <span class='ocrx_word' id='word_1_559' title='bbox 2094 4538 2171 4633; x_wconf 74' lang='lat' dir='ltr'><strong>tem·</strong></span> 
     </span>
     <span class='ocr_line' id='line_1_47' title="bbox 165 4610 2170 4788; baseline 0.001 -24"><span class='ocrx_word' id='word_1_560' title='bbox 165 4616 476 4782; x_wconf 58' lang='lat' dir='ltr'><strong>dimittati?</strong></span> <span class='ocrx_word' id='word_1_561' title='bbox 489 4613 768 4778; x_wconf 57' lang='grc' dir='ltr'><strong>1·εὲὶὲιᾶἳῖᾞέ</strong></span> <span class='ocrx_word' id='word_1_562' title='bbox 769 4615 1143 4766; x_wconf 57' lang='lat' dir='ltr'><strong>thitittrzitii:</strong></span> <span class='ocrx_word' id='word_1_563' title='bbox 1192 4612 1354 4779; x_wconf 65' lang='lat' dir='ltr'><strong>{tlh</strong></span> <span class='ocrx_word' id='word_1_564' title='bbox 1370 4610 2170 4788; x_wconf 59' lang='lat' dir='ltr'><strong>ditthddi&#39;iitiifflffi</strong></span> 
     </span>
     <span class='ocr_line' id='line_1_48' title="bbox 166 4784 1985 4871; baseline -0.001 -23"><span class='ocrx_word' id='word_1_565' title='bbox 166 4802 308 4871; x_wconf 87' lang='lat' dir='ltr'><strong>sparsos</strong></span> <span class='ocrx_word' id='word_1_566' title='bbox 331 4808 391 4870; x_wconf 89' lang='lat' dir='ltr'><strong>per</strong></span> <span class='ocrx_word' id='word_1_567' title='bbox 413 4798 518 4854; x_wconf 86' lang='lat' dir='ltr'><strong>totum</strong></span> <span class='ocrx_word' id='word_1_568' title='bbox 541 4789 668 4853; x_wconf 89' lang='lat' dir='ltr'><strong>orbem.</strong></span> <span class='ocrx_word' id='word_1_569' title='bbox 711 4786 755 4852; x_wconf 84' lang='lat' dir='ltr'><strong>Et</strong></span> <span class='ocrx_word' id='word_1_570' title='bbox 776 4787 928 4851; x_wconf 88' lang='lat' dir='ltr'><strong>addimus</strong></span> <span class='ocrx_word' id='word_1_571' title='bbox 950 4795 1061 4860; x_wconf 85' lang='lat' dir='ltr'><strong>notas,</strong></span> <span class='ocrx_word' id='word_1_572' title='bbox 1082 4802 1141 4868; x_wconf 87' lang='lat' dir='ltr'><strong>pa·</strong></span> <span class='ocrx_word' id='word_1_573' title='bbox 1192 4784 1407 4866; x_wconf 87' lang='lat' dir='ltr'><strong>Canonistus,</strong></span> <span class='ocrx_word' id='word_1_574' title='bbox 1429 4788 1612 4854; x_wconf 88' lang='lat' dir='ltr'><strong>sedetiam</strong></span> <span class='ocrx_word' id='word_1_575' title='bbox 1666 4784 1810 4853; x_wconf 83' lang='lat' dir='ltr'><strong>anielem</strong></span> <span class='ocrx_word' id='word_1_576' title='bbox 1833 4784 1918 4869; x_wconf 89' lang='lat' dir='ltr'><strong>Cap.</strong></span> <span class='ocrx_word' id='word_1_577' title='bbox 1939 4784 1985 4848; x_wconf 86' lang='lat' dir='ltr'><strong>xi.</strong></span> 
     </span>
     <span class='ocr_line' id='line_1_49' title="bbox 166 4866 2173 4959; baseline 0.001 -24"><span class='ocrx_word' id='word_1_578' title='bbox 166 4888 239 4935; x_wconf 77' lang='lat' dir='ltr'><strong>ram</strong></span> <span class='ocrx_word' id='word_1_579' title='bbox 259 4870 445 4938; x_wconf 83' lang='lat' dir='ltr'><strong>doctrinam</strong></span> <span class='ocrx_word' id='word_1_580' title='bbox 463 4869 652 4959; x_wconf 74' lang='lat' dir='ltr'><strong>Euangelij‚</strong></span> <span class='ocrx_word' id='word_1_581' title='bbox 674 4884 708 4939; x_wconf 90' lang='lat' dir='ltr'><strong>et</strong></span> <span class='ocrx_word' id='word_1_582' title='bbox 728 4880 947 4938; x_wconf 86' lang='lat' dir='ltr'><strong>sacramenta.</strong></span> <span class='ocrx_word' id='word_1_583' title='bbox 990 4867 1034 4934; x_wconf 85' lang='lat' dir='ltr'><strong>Et</strong></span> <span class='ocrx_word' id='word_1_584' title='bbox 1054 4866 1143 4933; x_wconf 77' lang='lat' dir='ltr'><strong>liaeo</strong></span> <span class='ocrx_word' id='word_1_585' title='bbox 1279 4870 1380 4945; x_wconf 87' lang='lat' dir='ltr'><strong>Quod</strong></span> <span class='ocrx_word' id='word_1_586' title='bbox 1400 4874 1431 4938; x_wconf 88' lang='lat' dir='ltr'><strong>si</strong></span> <span class='ocrx_word' id='word_1_587' title='bbox 1451 4873 1520 4940; x_wconf 89' lang='lat' dir='ltr'><strong>hoc</strong></span> <span class='ocrx_word' id='word_1_588' title='bbox 1539 4874 1639 4940; x_wconf 87' lang='lat' dir='ltr'><strong>modo</strong></span> <span class='ocrx_word' id='word_1_589' title='bbox 1663 4872 1875 4938; x_wconf 84' lang='lat' dir='ltr'><strong>definiremus</strong></span> <span class='ocrx_word' id='word_1_590' title='bbox 1900 4872 1946 4950; x_wconf 63' lang='grc' dir='ltr'><strong>ο1)</strong></span> <span class='ocrx_word' id='word_1_591' title='bbox 1968 4866 2173 4948; x_wconf 68' lang='lat' dir='ltr'><strong>Ecclesia,</strong></span> 
     </span>
     <span class='ocr_line' id='line_1_50' title="bbox 166 4951 2175 5044; baseline 0.002 -23"><span class='ocrx_word' id='word_1_592' title='bbox 166 4953 325 5022; x_wconf 81' lang='lat' dir='ltr'><strong>Ecclesia</strong></span> <span class='ocrx_word' id='word_1_593' title='bbox 355 4978 419 5041; x_wconf 92' lang='lat' dir='ltr'><strong>pro</strong></span> <span class='ocrx_word' id='word_1_594' title='bbox 442 4959 492 5023; x_wconf 90' lang='lat' dir='ltr'><strong>rie</strong></span> <span class='ocrx_word' id='word_1_595' title='bbox 523 4970 576 5025; x_wconf 89' lang='lat' dir='ltr'><strong>est</strong></span> <span class='ocrx_word' id='word_1_596' title='bbox 608 4956 762 5025; x_wconf 84' lang='lat' dir='ltr'><strong>columna</strong></span> <span class='ocrx_word' id='word_1_597' title='bbox 793 4955 956 5022; x_wconf 83' lang='lat' dir='ltr'><strong>veritatis.</strong></span> <span class='ocrx_word' id='word_1_598' title='bbox 1010 4951 1142 5019; x_wconf 86' lang='lat' dir='ltr'><strong>Retinet</strong></span> <span class='ocrx_word' id='word_1_599' title='bbox 1191 4955 1367 5024; x_wconf 84' lang='lat' dir='ltr'><strong>Fortassis</strong></span> <span class='ocrx_word' id='word_1_600' title='bbox 1377 4956 1579 5026; x_wconf 83' lang='lat' dir='ltr'><strong>haberemus</strong></span> <span class='ocrx_word' id='word_1_601' title='bbox 1590 4958 1768 5044; x_wconf 84' lang='lat' dir='ltr'><strong>aequiores</strong></span> <span class='ocrx_word' id='word_1_602' title='bbox 1777 4956 1920 5025; x_wconf 85' lang='lat' dir='ltr'><strong>ludices·</strong></span> <span class='ocrx_word' id='word_1_603' title='bbox 1952 4952 2067 5024; x_wconf 78' lang='lat' dir='ltr'><strong>Mults</strong></span> <span class='ocrx_word' id='word_1_604' title='bbox 2087 4955 2175 5025; x_wconf 78' lang='lat' dir='ltr'><strong>enin</strong></span> 
     </span>
     <span class='ocr_line' id='line_1_51' title="bbox 167 4981 1935 5190; baseline -0.001 -85"><span class='ocrx_word' id='word_1_605' title='bbox 167 5041 254 5106; x_wconf 73' lang='lat' dir='ltr'><strong>erim</strong></span> <span class='ocrx_word' id='word_1_606' title='bbox 275 5061 393 5126; x_wconf 86' lang='lat' dir='ltr'><strong>purum</strong></span> <span class='ocrx_word' id='word_1_607' title='bbox 414 4981 648 5130; x_wconf 57' lang='lat' dir='ltr'><strong>Euangelium,</strong></span> <span class='ocrx_word' id='word_1_608' title='bbox 670 5055 705 5110; x_wconf 93' lang='lat' dir='ltr'><strong>et</strong></span> <span class='ocrx_word' id='word_1_609' title='bbox 724 5055 763 5110; x_wconf 83' lang='lat' dir='ltr'><strong>vt</strong></span> <span class='ocrx_word' id='word_1_610' title='bbox 783 5039 908 5108; x_wconf 84' lang='lat' dir='ltr'><strong>Paulus</strong></span> <span class='ocrx_word' id='word_1_611' title='bbox 929 5040 1046 5190; x_wconf 57' lang='lat' dir='ltr'><strong>inpuit,</strong></span> <span class='ocrx_word' id='word_1_612' title='bbox 1068 5034 1141 5104; x_wconf 83' lang='lat' dir='ltr'><strong>lun·</strong></span> <span class='ocrx_word' id='word_1_613' title='bbox 1933 5063 1935 5066; x_wconf 48' lang='lat'><strong>⁴</strong></span> 
     </span>
     <span class='ocr_line' id='line_1_52' title="bbox 167 5126 1901 5299; baseline 0.006 -26"><span class='ocrx_word' id='word_1_614' title='bbox 167 5207 286 5292; x_wconf 83' lang='lat' dir='ltr'><strong>iidem,</strong></span> <span class='ocrx_word' id='word_1_615' title='bbox 308 5211 373 5279; x_wconf 87' lang='lat' dir='ltr'><strong>etsi</strong></span> <span class='ocrx_word' id='word_1_616' title='bbox 394 5222 473 5279; x_wconf 88' lang='lat' dir='ltr'><strong>sunt</strong></span> <span class='ocrx_word' id='word_1_617' title='bbox 492 5213 527 5277; x_wconf 90' lang='lat' dir='ltr'><strong>in</strong></span> <span class='ocrx_word' id='word_1_618' title='bbox 548 5211 602 5279; x_wconf 85' lang='lat' dir='ltr'><strong>hls</strong></span> <span class='ocrx_word' id='word_1_619' title='bbox 624 5216 723 5281; x_wconf 81' lang='lat' dir='ltr'><strong>etlam</strong></span> <span class='ocrx_word' id='word_1_620' title='bbox 743 5211 839 5280; x_wconf 90' lang='lat' dir='ltr'><strong>multi</strong></span> <span class='ocrx_word' id='word_1_621' title='bbox 858 5126 1141 5296; x_wconf 39' lang='lat' dir='ltr'><strong>mirmiram</strong></span> <span class='ocrx_word' id='word_1_622' title='bbox 1192 5229 1241 5298; x_wconf 78' lang='lat' dir='ltr'><strong>ss)</strong></span> <span class='ocrx_word' id='word_1_623' title='bbox 1260 5230 1439 5298; x_wconf 70' lang='lat' dir='ltr'><strong>ommno]</strong></span> <span class='ocrx_word' id='word_1_624' title='bbox 1458 5232 1509 5286; x_wconf 67' lang='lat' dir='ltr'><strong>aa</strong></span> <span class='ocrx_word' id='word_1_625' title='bbox 1527 5231 1555 5284; x_wconf 81' lang='lat' dir='ltr'><strong>t.</strong></span> <span class='ocrx_word' id='word_1_626' title='bbox 1572 5238 1626 5299; x_wconf 66' lang='lat' dir='ltr'><strong>op.</strong></span> <span class='ocrx_word' id='word_1_627' title='bbox 1644 5245 1710 5286; x_wconf 69' lang='lat' dir='ltr'><strong>m:</strong></span> <span class='ocrx_word' id='word_1_628' title='bbox 1729 5230 1901 5288; x_wconf 66' lang='lat' dir='ltr'><strong>utam</strong></span> 
     </span>
    </p>
   </div>
   <div class='ocr_carea' id='block_1_4' title="bbox 844 5294 854 5317">
    <p class='ocr_par' dir='ltr' id='par_1_4' title="bbox 844 5294 854 5317">
     <span class='ocr_line' id='line_1_53' title="bbox 844 5294 854 5317; baseline 0 0"><span class='ocrx_word' id='word_1_629' title='bbox 844 5294 854 5317; x_wconf 70' lang='grc' dir='ltr'><strong>θ</strong></span> 
     </span>
    </p>
   </div>
   <div class='ocr_carea' id='block_1_5' title="bbox 0 0 2352 6038">
    <p class='ocr_par' dir='ltr' id='par_1_5' title="bbox 0 0 2352 6038">
     <span class='ocr_line' id='line_1_54' title="bbox 0 0 2352 6038; baseline 0 0"><span class='ocrx_word' id='word_1_630' title='bbox 0 0 2352 6038; x_wconf 95' lang='lat' dir='ltr'><strong> </strong></span> 
     </span>
    </p>
   </div>
  </div>
 </body>
</html>
