<?xml version="1.0" encoding="UTF-8"?>
<!DOCTYPE html PUBLIC "-//W3C//DTD XHTML 1.0 Transitional//EN"
    "http://www.w3.org/TR/xhtml1/DTD/xhtml1-transitional.dtd">
<html xmlns="http://www.w3.org/1999/xhtml" xml:lang="en" lang="en">
 <head>
  <title>
</title>
<meta http-equiv="Content-Type" content="text/html;charset=utf-8" />
  <meta name='ocr-system' content='tesseract 3.04.00' />
  <meta name='ocr-capabilities' content='ocr_page ocr_carea ocr_par ocr_line ocrx_word'/>
</head>
<body>
  <div class='ocr_page' id='page_1' title='image "./philippimelanth05melagoog_0240.png"; bbox 0 0 4694 6038; ppageno 0'>
   <div class='ocr_carea' id='block_1_1' title="bbox 159 349 2180 463">
    <p class='ocr_par' dir='ltr' id='par_1_1' title="bbox 159 349 2180 463">
     <span class='ocr_line' id='line_1_1' title="bbox 159 349 2180 463; baseline 0 -15"><span class='ocrx_word' id='word_1_1' title='bbox 159 382 228 450; x_wconf 81' lang='grc' dir='ltr'><strong>ιιι</strong></span> <span class='ocrx_word' id='word_1_2' title='bbox 564 349 566 354; x_wconf 78' lang='grc'><strong>’</strong></span> <span class='ocrx_word' id='word_1_3' title='bbox 613 378 725 448; x_wconf 79' lang='lat' dir='ltr'><strong>run.</strong></span> <span class='ocrx_word' id='word_1_4' title='bbox 748 376 1726 463; x_wconf 59' lang='lat' dir='ltr'><strong>nrmtsomrrsooormnronnrsmmonoa</strong></span> <span class='ocrx_word' id='word_1_5' title='bbox 2109 379 2180 448; x_wconf 76' lang='lat' dir='ltr'><strong>rso</strong></span> 
     </span>
    </p>
   </div>
   <div class='ocr_carea' id='block_1_2' title="bbox 74 565 2214 3240">
    <p class='ocr_par' dir='ltr' id='par_1_2' title="bbox 74 565 2214 3240">
     <span class='ocr_line' id='line_1_2' title="bbox 161 565 2183 739; baseline -0.002 -17"><span class='ocrx_word' id='word_1_6' title='bbox 161 571 554 722; x_wconf 50' lang='lat' dir='ltr'><strong>ilddnllwltnlll</strong></span> <span class='ocrx_word' id='word_1_7' title='bbox 570 570 836 721; x_wconf 56' lang='lat' dir='ltr'><strong>“titillet</strong></span> <span class='ocrx_word' id='word_1_8' title='bbox 855 569 1049 719; x_wconf 59' lang='lat' dir='ltr'><strong>istit</strong></span> <span class='ocrx_word' id='word_1_9' title='bbox 1071 568 1142 738; x_wconf 64' lang='lat' dir='ltr'><strong>{il</strong></span> <span class='ocrx_word' id='word_1_10' title='bbox 1191 565 2183 739; x_wconf 56' lang='lat' dir='ltr'><strong>iitiitiitttitiiititiiiiiliisiz‘</strong></span> 
     </span>
     <span class='ocr_line' id='line_1_3' title="bbox 160 736 2182 825; baseline 0 -19"><span class='ocrx_word' id='word_1_11' title='bbox 160 742 331 820; x_wconf 88' lang='lat' dir='ltr'><strong>nionihns,</strong></span> <span class='ocrx_word' id='word_1_12' title='bbox 361 743 405 807; x_wconf 86' lang='lat' dir='ltr'><strong>ad</strong></span> <span class='ocrx_word' id='word_1_13' title='bbox 434 744 573 806; x_wconf 84' lang='lat' dir='ltr'><strong>verbnm</strong></span> <span class='ocrx_word' id='word_1_14' title='bbox 602 739 677 805; x_wconf 88' lang='lat' dir='ltr'><strong>Dei.</strong></span> <span class='ocrx_word' id='word_1_15' title='bbox 725 741 883 805; x_wconf 68' lang='lat' dir='ltr'><strong>Videmus</strong></span> <span class='ocrx_word' id='word_1_16' title='bbox 905 739 1004 805; x_wconf 88' lang='lat' dir='ltr'><strong>nohis</strong></span> <span class='ocrx_word' id='word_1_17' title='bbox 1030 739 1142 806; x_wconf 85' lang='lat' dir='ltr'><strong>Euan·</strong></span> <span class='ocrx_word' id='word_1_18' title='bbox 1191 739 1264 804; x_wconf 89' lang='lat' dir='ltr'><strong>sine</strong></span> <span class='ocrx_word' id='word_1_19' title='bbox 1292 739 1476 803; x_wconf 79' lang='lat' dir='ltr'><strong>mediatore</strong></span> <span class='ocrx_word' id='word_1_20' title='bbox 1498 736 1645 803; x_wconf 83' lang='lat' dir='ltr'><strong>Christo.</strong></span> <span class='ocrx_word' id='word_1_21' title='bbox 1700 736 1791 825; x_wconf 75' lang='lat' dir='ltr'><strong>Ergo</strong></span> <span class='ocrx_word' id='word_1_22' title='bbox 1814 759 1890 805; x_wconf 90' lang='lat' dir='ltr'><strong>cum</strong></span> <span class='ocrx_word' id='word_1_23' title='bbox 1911 740 2043 819; x_wconf 89' lang='lat' dir='ltr'><strong>dicitur,</strong></span> <span class='ocrx_word' id='word_1_24' title='bbox 2064 738 2104 805; x_wconf 84' lang='lat' dir='ltr'><strong>Si</strong></span> <span class='ocrx_word' id='word_1_25' title='bbox 2124 740 2182 806; x_wconf 78' lang='lat' dir='ltr'><strong>vis</strong></span> 
     </span>
     <span class='ocr_line' id='line_1_4' title="bbox 161 824 2185 914; baseline -0 -22"><span class='ocrx_word' id='word_1_26' title='bbox 161 825 285 914; x_wconf 79' lang='lat' dir='ltr'><strong>gelium</strong></span> <span class='ocrx_word' id='word_1_27' title='bbox 329 839 362 892; x_wconf 89' lang='lat' dir='ltr'><strong>et</strong></span> <span class='ocrx_word' id='word_1_28' title='bbox 398 826 653 910; x_wconf 75' lang='lat' dir='ltr'><strong>promissionem</strong></span> <span class='ocrx_word' id='word_1_29' title='bbox 691 826 733 892; x_wconf 91' lang='lat' dir='ltr'><strong>de</strong></span> <span class='ocrx_word' id='word_1_30' title='bbox 766 824 902 890; x_wconf 83' lang='lat' dir='ltr'><strong>Christo</strong></span> <span class='ocrx_word' id='word_1_31' title='bbox 934 826 1141 910; x_wconf 89' lang='lat' dir='ltr'><strong>propositam</strong></span> <span class='ocrx_word' id='word_1_32' title='bbox 1191 825 1224 888; x_wconf 91' lang='lat' dir='ltr'><strong>in</strong></span> <span class='ocrx_word' id='word_1_33' title='bbox 1254 824 1355 889; x_wconf 84' lang='lat' dir='ltr'><strong>vitam</strong></span> <span class='ocrx_word' id='word_1_34' title='bbox 1376 825 1524 908; x_wconf 76' lang='lat' dir='ltr'>ingredi,</span> <span class='ocrx_word' id='word_1_35' title='bbox 1545 824 1653 890; x_wconf 83' lang='lat' dir='ltr'><strong>Serus</strong></span> <span class='ocrx_word' id='word_1_36' title='bbox 1680 826 1857 904; x_wconf 81' lang='lat' dir='ltr'><strong>mandate,</strong></span> <span class='ocrx_word' id='word_1_37' title='bbox 1879 825 2096 892; x_wconf 75' lang='lat' dir='ltr'>senciendum</span> <span class='ocrx_word' id='word_1_38' title='bbox 2125 834 2185 891; x_wconf 86' lang='lat' dir='ltr'><strong>est</strong></span> 
     </span>
     <span class='ocr_line' id='line_1_5' title="bbox 160 907 2182 998; baseline -0 -21"><span class='ocrx_word' id='word_1_39' title='bbox 160 932 255 991; x_wconf 89' lang='lat' dir='ltr'><strong>essa,</strong></span> <span class='ocrx_word' id='word_1_40' title='bbox 277 911 359 978; x_wconf 85' lang='lat' dir='ltr'><strong>Cum</strong></span> <span class='ocrx_word' id='word_1_41' title='bbox 389 913 490 998; x_wconf 83' lang='lat' dir='ltr'><strong>igitur</strong></span> <span class='ocrx_word' id='word_1_42' title='bbox 510 909 566 976; x_wconf 84' lang='lat' dir='ltr'><strong>lex</strong></span> <span class='ocrx_word' id='word_1_43' title='bbox 587 912 815 994; x_wconf 75' lang='lat' dir='ltr'><strong>praedicatur,</strong></span> <span class='ocrx_word' id='word_1_44' title='bbox 842 931 916 977; x_wconf 90' lang='grc' dir='ltr'><strong>οιιιιι</strong></span> <span class='ocrx_word' id='word_1_45' title='bbox 938 913 1048 995; x_wconf 90' lang='lat' dir='ltr'><strong>praeci</strong></span> <span class='ocrx_word' id='word_1_46' title='bbox 1072 912 1142 975; x_wconf 89' lang='lat' dir='ltr'><strong>iun·</strong></span> <span class='ocrx_word' id='word_1_47' title='bbox 1192 910 1348 975; x_wconf 79' lang='lat' dir='ltr'><strong>mandata</strong></span> <span class='ocrx_word' id='word_1_48' title='bbox 1369 910 1442 974; x_wconf 90' lang='lat' dir='ltr'><strong>sine</strong></span> <span class='ocrx_word' id='word_1_49' title='bbox 1459 907 1594 974; x_wconf 87' lang='lat' dir='ltr'><strong>Christo</strong></span> <span class='ocrx_word' id='word_1_50' title='bbox 1616 928 1684 974; x_wconf 91' lang='lat' dir='ltr'><strong>non</strong></span> <span class='ocrx_word' id='word_1_51' title='bbox 1705 911 1846 988; x_wconf 87' lang='lat' dir='ltr'><strong>seruari,</strong></span> <span class='ocrx_word' id='word_1_52' title='bbox 1869 930 1932 974; x_wconf 90' lang='lat' dir='ltr'><strong>nec</strong></span> <span class='ocrx_word' id='word_1_53' title='bbox 1949 909 2087 995; x_wconf 89' lang='lat' dir='ltr'><strong>placere</strong></span> <span class='ocrx_word' id='word_1_54' title='bbox 2105 910 2182 976; x_wconf 87' lang='lat' dir='ltr'><strong>sine</strong></span> 
     </span>
     <span class='ocr_line' id='line_1_6' title="bbox 160 932 2181 1083; baseline -0.001 -19"><span class='ocrx_word' id='word_1_55' title='bbox 160 1010 215 1064; x_wconf 87' lang='lat' dir='ltr'><strong>tor</strong></span> <span class='ocrx_word' id='word_1_56' title='bbox 236 1017 357 1083; x_wconf 89' lang='lat' dir='ltr'><strong>opera,</strong></span> <span class='ocrx_word' id='word_1_57' title='bbox 386 1017 452 1061; x_wconf 91' lang='lat' dir='ltr'><strong>non</strong></span> <span class='ocrx_word' id='word_1_58' title='bbox 482 1008 535 1062; x_wconf 91' lang='lat' dir='ltr'><strong>est</strong></span> <span class='ocrx_word' id='word_1_59' title='bbox 555 997 760 1081; x_wconf 89' lang='lat' dir='ltr'><strong>repudianda</strong></span> <span class='ocrx_word' id='word_1_60' title='bbox 778 997 956 1080; x_wconf 75' lang='lat' dir='ltr'><strong>promissio</strong></span> <span class='ocrx_word' id='word_1_61' title='bbox 978 997 1020 1061; x_wconf 90' lang='lat' dir='ltr'><strong>de</strong></span> <span class='ocrx_word' id='word_1_62' title='bbox 1046 932 1141 1061; x_wconf 80' lang='lat' dir='ltr'><strong>llhri·</strong></span> <span class='ocrx_word' id='word_1_63' title='bbox 1192 992 1340 1075; x_wconf 84' lang='lat' dir='ltr'><strong>Ghristo,</strong></span> <span class='ocrx_word' id='word_1_64' title='bbox 1362 993 1420 1060; x_wconf 86' lang='lat' dir='ltr'><strong>Sic</strong></span> <span class='ocrx_word' id='word_1_65' title='bbox 1440 995 1475 1059; x_wconf 93' lang='lat' dir='ltr'><strong>in</strong></span> <span class='ocrx_word' id='word_1_66' title='bbox 1493 994 1569 1079; x_wconf 85' lang='lat' dir='ltr'><strong>ipso</strong></span> <span class='ocrx_word' id='word_1_67' title='bbox 1587 991 1776 1080; x_wconf 80' lang='lat' dir='ltr'><strong>Decalogo,</strong></span> <span class='ocrx_word' id='word_1_68' title='bbox 1797 997 1830 1060; x_wconf 92' lang='lat' dir='ltr'><strong>in</strong></span> <span class='ocrx_word' id='word_1_69' title='bbox 1876 997 1959 1060; x_wconf 88' lang='lat' dir='ltr'><strong>rimo</strong></span> <span class='ocrx_word' id='word_1_70' title='bbox 1983 1005 2181 1081; x_wconf 74' lang='lat' dir='ltr'><strong>praecepto,</strong></span> 
     </span>
     <span class='ocr_line' id='line_1_7' title="bbox 160 1017 2182 1230; baseline 0 -83"><span class='ocrx_word' id='word_1_71' title='bbox 160 1095 234 1162; x_wconf 89' lang='lat' dir='ltr'><strong>sto,</strong></span> <span class='ocrx_word' id='word_1_72' title='bbox 268 1084 335 1149; x_wconf 90' lang='lat' dir='ltr'><strong>Sed</strong></span> <span class='ocrx_word' id='word_1_73' title='bbox 368 1082 454 1148; x_wconf 86' lang='lat' dir='ltr'><strong>hace</strong></span> <span class='ocrx_word' id='word_1_74' title='bbox 481 1084 574 1167; x_wconf 88' lang='lat' dir='ltr'><strong>prius</strong></span> <span class='ocrx_word' id='word_1_75' title='bbox 601 1083 970 1167; x_wconf 64' lang='lat' dir='ltr'><strong>apprehendendum,</strong></span> <span class='ocrx_word' id='word_1_76' title='bbox 997 1093 1033 1145; x_wconf 91' lang='lat' dir='ltr'><strong>vt</strong></span> <span class='ocrx_word' id='word_1_77' title='bbox 1055 1084 1141 1146; x_wconf 89' lang='lat' dir='ltr'><strong>hene</strong></span> <span class='ocrx_word' id='word_1_78' title='bbox 1191 1079 1332 1146; x_wconf 84' lang='lat' dir='ltr'><strong>Faciens</strong></span> <span class='ocrx_word' id='word_1_79' title='bbox 1365 1081 1626 1146; x_wconf 86' lang='lat' dir='ltr'><strong>misericordiam</strong></span> <span class='ocrx_word' id='word_1_80' title='bbox 1658 1081 1691 1145; x_wconf 95' lang='lat' dir='ltr'><strong>in</strong></span> <span class='ocrx_word' id='word_1_81' title='bbox 1723 1078 1825 1146; x_wconf 90' lang='lat' dir='ltr'><strong>millia</strong></span> <span class='ocrx_word' id='word_1_82' title='bbox 1852 1017 1911 1146; x_wconf 70' lang='lat' dir='ltr'><strong>his</strong></span> <span class='ocrx_word' id='word_1_83' title='bbox 1945 1083 2003 1230; x_wconf 88' lang='lat' dir='ltr'><strong>qui</strong></span> <span class='ocrx_word' id='word_1_84' title='bbox 2035 1079 2182 1168; x_wconf 76' lang='lat' dir='ltr'><strong>diligunt</strong></span> 
     </span>
     <span class='ocr_line' id='line_1_8' title="bbox 162 1165 2181 1254; baseline -0.001 -19"><span class='ocrx_word' id='word_1_85' title='bbox 162 1170 294 1254; x_wconf 84' lang='lat' dir='ltr'><strong>operari</strong></span> <span class='ocrx_word' id='word_1_86' title='bbox 316 1169 502 1253; x_wconf 90' lang='lat' dir='ltr'><strong>possimus,</strong></span> <span class='ocrx_word' id='word_1_87' title='bbox 531 1179 565 1232; x_wconf 90' lang='lat' dir='ltr'><strong>et</strong></span> <span class='ocrx_word' id='word_1_88' title='bbox 593 1180 629 1232; x_wconf 90' lang='lat' dir='ltr'><strong>vt</strong></span> <span class='ocrx_word' id='word_1_89' title='bbox 650 1187 755 1252; x_wconf 89' lang='lat' dir='ltr'><strong>opera</strong></span> <span class='ocrx_word' id='word_1_90' title='bbox 775 1179 892 1232; x_wconf 87' lang='lat' dir='ltr'><strong>nostra</strong></span> <span class='ocrx_word' id='word_1_91' title='bbox 907 1165 983 1232; x_wconf 87' lang='lat' dir='ltr'><strong>Deo</strong></span> <span class='ocrx_word' id='word_1_92' title='bbox 1005 1165 1140 1252; x_wconf 82' lang='lat' dir='ltr'><strong>placere</strong></span> <span class='ocrx_word' id='word_1_93' title='bbox 1191 1185 1263 1244; x_wconf 90' lang='lat' dir='ltr'><strong>me,</strong></span> <span class='ocrx_word' id='word_1_94' title='bbox 1285 1179 1317 1230; x_wconf 86' lang='lat' dir='ltr'><strong>et</strong></span> <span class='ocrx_word' id='word_1_95' title='bbox 1339 1166 1532 1251; x_wconf 86' lang='lat' dir='ltr'><strong>custodiunt</strong></span> <span class='ocrx_word' id='word_1_96' title='bbox 1554 1178 1732 1251; x_wconf 84' lang='lat' dir='ltr'><strong>praecepta</strong></span> <span class='ocrx_word' id='word_1_97' title='bbox 1752 1186 1845 1246; x_wconf 89' lang='lat' dir='ltr'><strong>mea,</strong></span> <span class='ocrx_word' id='word_1_98' title='bbox 1872 1187 1950 1249; x_wconf 88' lang='lat' dir='ltr'><strong>amp</strong></span> <span class='ocrx_word' id='word_1_99' title='bbox 1963 1167 2079 1232; x_wconf 78' lang='lat' dir='ltr'><strong>issima</strong></span> <span class='ocrx_word' id='word_1_100' title='bbox 2101 1187 2181 1253; x_wconf 88' lang='lat' dir='ltr'><strong>pro-</strong></span> 
     </span>
     <span class='ocr_line' id='line_1_9' title="bbox 183 1249 2181 1340; baseline 0.001 -21"><span class='ocrx_word' id='word_1_101' title='bbox 183 1264 295 1332; x_wconf 89' lang='lat' dir='ltr'><strong>ueant,</strong></span> <span class='ocrx_word' id='word_1_102' title='bbox 317 1256 405 1318; x_wconf 88' lang='lat' dir='ltr'><strong>sicot</strong></span> <span class='ocrx_word' id='word_1_103' title='bbox 426 1254 527 1340; x_wconf 91' lang='lat' dir='ltr'><strong>inquit</strong></span> <span class='ocrx_word' id='word_1_104' title='bbox 544 1251 712 1332; x_wconf 85' lang='lat' dir='ltr'><strong>Christus,</strong></span> <span class='ocrx_word' id='word_1_105' title='bbox 733 1251 813 1318; x_wconf 83' lang='lat' dir='ltr'><strong>Sine</strong></span> <span class='ocrx_word' id='word_1_106' title='bbox 831 1273 883 1318; x_wconf 91' lang='lat' dir='ltr'><strong>me</strong></span> <span class='ocrx_word' id='word_1_107' title='bbox 899 1249 981 1316; x_wconf 89' lang='lat' dir='ltr'><strong>nihil</strong></span> <span class='ocrx_word' id='word_1_108' title='bbox 997 1253 1141 1337; x_wconf 84' lang='lat' dir='ltr'><strong>potastis</strong></span> <span class='ocrx_word' id='word_1_109' title='bbox 1191 1252 1306 1316; x_wconf 91' lang='lat' dir='ltr'><strong>missio</strong></span> <span class='ocrx_word' id='word_1_110' title='bbox 1337 1249 1425 1337; x_wconf 81' lang='lat' dir='ltr'><strong>legis</strong></span> <span class='ocrx_word' id='word_1_111' title='bbox 1465 1251 1615 1330; x_wconf 79' lang='lat' dir='ltr'><strong>additur,</strong></span> <span class='ocrx_word' id='word_1_112' title='bbox 1644 1251 1714 1318; x_wconf 79' lang='lat' dir='ltr'><strong>Sed</strong></span> <span class='ocrx_word' id='word_1_113' title='bbox 1744 1251 1829 1318; x_wconf 85' lang='lat' dir='ltr'><strong>haec</strong></span> <span class='ocrx_word' id='word_1_114' title='bbox 1855 1250 1913 1316; x_wconf 88' lang='lat' dir='ltr'><strong>lex</strong></span> <span class='ocrx_word' id='word_1_115' title='bbox 1941 1272 2008 1317; x_wconf 91' lang='lat' dir='ltr'><strong>non</strong></span> <span class='ocrx_word' id='word_1_116' title='bbox 2036 1250 2075 1317; x_wconf 91' lang='lat' dir='ltr'><strong>fit</strong></span> <span class='ocrx_word' id='word_1_117' title='bbox 2104 1252 2181 1320; x_wconf 86' lang='lat' dir='ltr'><strong>siue</strong></span> 
     </span>
     <span class='ocr_line' id='line_1_10' title="bbox 160 1275 2181 1425; baseline 0 -21"><span class='ocrx_word' id='word_1_118' title='bbox 160 1275 282 1404; x_wconf 56' lang='lat' dir='ltr'><strong>dacore.</strong></span> <span class='ocrx_word' id='word_1_119' title='bbox 338 1339 454 1425; x_wconf 86' lang='lat' dir='ltr'><strong>ltaque</strong></span> <span class='ocrx_word' id='word_1_120' title='bbox 484 1342 513 1406; x_wconf 91' lang='lat' dir='ltr'><strong>si</strong></span> <span class='ocrx_word' id='word_1_121' title='bbox 542 1336 663 1404; x_wconf 79' lang='lat' dir='ltr'><strong>Daniel</strong></span> <span class='ocrx_word' id='word_1_122' title='bbox 695 1338 748 1402; x_wconf 88' lang='lat' dir='ltr'><strong>his</strong></span> <span class='ocrx_word' id='word_1_123' title='bbox 782 1340 894 1405; x_wconf 85' lang='lat' dir='ltr'><strong>verbis</strong></span> <span class='ocrx_word' id='word_1_124' title='bbox 925 1357 1006 1403; x_wconf 87' lang='lat' dir='ltr'><strong>rsus</strong></span> <span class='ocrx_word' id='word_1_125' title='bbox 1019 1421 1021 1424; x_wconf 16' lang='grc' dir='ltr'>Ι</span> <span class='ocrx_word' id='word_1_126' title='bbox 1036 1348 1139 1414; x_wconf 89' lang='lat' dir='ltr'><strong>esset,</strong></span> <span class='ocrx_word' id='word_1_127' title='bbox 1191 1335 1336 1401; x_wconf 83' lang='lat' dir='ltr'><strong>Christo.</strong></span> <span class='ocrx_word' id='word_1_128' title='bbox 1380 1336 1459 1402; x_wconf 90' lang='lat' dir='ltr'><strong>Sem</strong></span> <span class='ocrx_word' id='word_1_129' title='bbox 1505 1338 1635 1403; x_wconf 88' lang='lat' dir='ltr'><strong>renim</strong></span> <span class='ocrx_word' id='word_1_130' title='bbox 1661 1348 1802 1403; x_wconf 69' lang='lat' dir='ltr'><strong>aconem</strong></span> <span class='ocrx_word' id='word_1_131' title='bbox 1829 1336 2068 1404; x_wconf 86' lang='lat' dir='ltr'><strong>conscientiam</strong></span> <span class='ocrx_word' id='word_1_132' title='bbox 2091 1358 2181 1424; x_wconf 85' lang='lat' dir='ltr'><strong>queo</strong></span> 
     </span>
     <span class='ocr_line' id='line_1_11' title="bbox 159 1418 2179 1509; baseline 0 -19"><span class='ocrx_word' id='word_1_133' title='bbox 159 1423 305 1490; x_wconf 79' lang='lat' dir='ltr'><strong>l&#39;eecata</strong></span> <span class='ocrx_word' id='word_1_134' title='bbox 332 1436 388 1489; x_wconf 90' lang='lat' dir='ltr'><strong>tua</strong></span> <span class='ocrx_word' id='word_1_135' title='bbox 415 1425 541 1508; x_wconf 86' lang='lat' dir='ltr'><strong>redime</strong></span> <span class='ocrx_word' id='word_1_136' title='bbox 562 1445 623 1508; x_wconf 91' lang='lat' dir='ltr'><strong>per</strong></span> <span class='ocrx_word' id='word_1_137' title='bbox 649 1425 900 1509; x_wconf 86' lang='lat' dir='ltr'><strong>poenitentiam,</strong></span> <span class='ocrx_word' id='word_1_138' title='bbox 923 1425 1142 1508; x_wconf 87' lang='lat' dir='ltr'><strong>praeterirent</strong></span> <span class='ocrx_word' id='word_1_139' title='bbox 1191 1420 1258 1509; x_wconf 77' lang='lat' dir='ltr'><strong>legi</strong></span> <span class='ocrx_word' id='word_1_140' title='bbox 1285 1423 1459 1490; x_wconf 83' lang='lat' dir='ltr'><strong>nonsatis</strong></span> <span class='ocrx_word' id='word_1_141' title='bbox 1497 1421 1557 1499; x_wconf 90' lang='lat' dir='ltr'><strong>cit,</strong></span> <span class='ocrx_word' id='word_1_142' title='bbox 1584 1442 1690 1508; x_wconf 88' lang='lat' dir='ltr'><strong>quare</strong></span> <span class='ocrx_word' id='word_1_143' title='bbox 1710 1424 1825 1487; x_wconf 84' lang='lat' dir='ltr'><strong>territa</strong></span> <span class='ocrx_word' id='word_1_144' title='bbox 1853 1418 1937 1508; x_wconf 72' lang='lat' dir='ltr'><strong>iugit</strong></span> <span class='ocrx_word' id='word_1_145' title='bbox 1962 1423 2122 1489; x_wconf 86' lang='lat' dir='ltr'><strong>iudicium</strong></span> <span class='ocrx_word' id='word_1_146' title='bbox 2144 1434 2179 1490; x_wconf 90' lang='lat' dir='ltr'><strong>et</strong></span> 
     </span>
     <span class='ocr_line' id='line_1_12' title="bbox 159 1505 2178 1596; baseline -0.001 -20"><span class='ocrx_word' id='word_1_147' title='bbox 159 1511 250 1576; x_wconf 89' lang='lat' dir='ltr'><strong>hunc</strong></span> <span class='ocrx_word' id='word_1_148' title='bbox 285 1509 397 1576; x_wconf 88' lang='lat' dir='ltr'><strong>locum</strong></span> <span class='ocrx_word' id='word_1_149' title='bbox 434 1509 640 1596; x_wconf 83' lang='lat' dir='ltr'><strong>aduersarij,</strong></span> <span class='ocrx_word' id='word_1_150' title='bbox 683 1508 779 1576; x_wconf 89' lang='lat' dir='ltr'><strong>Nunc</strong></span> <span class='ocrx_word' id='word_1_151' title='bbox 820 1529 896 1575; x_wconf 90' lang='lat' dir='ltr'><strong>cum</strong></span> <span class='ocrx_word' id='word_1_152' title='bbox 933 1528 1014 1575; x_wconf 88' lang='lat' dir='ltr'><strong>vare</strong></span> <span class='ocrx_word' id='word_1_153' title='bbox 1052 1508 1141 1574; x_wconf 89' lang='lat' dir='ltr'><strong>hanc</strong></span> <span class='ocrx_word' id='word_1_154' title='bbox 1191 1528 1333 1593; x_wconf 92' lang='lat' dir='ltr'><strong>poenam</strong></span> <span class='ocrx_word' id='word_1_155' title='bbox 1352 1505 1452 1594; x_wconf 84' lang='lat' dir='ltr'><strong>legis.</strong></span> <span class='ocrx_word' id='word_1_156' title='bbox 1496 1505 1567 1573; x_wconf 84' lang='lat' dir='ltr'><strong>hex</strong></span> <span class='ocrx_word' id='word_1_157' title='bbox 1588 1510 1674 1573; x_wconf 88' lang='lat' dir='ltr'><strong>enim</strong></span> <span class='ocrx_word' id='word_1_158' title='bbox 1696 1519 1855 1593; x_wconf 80' lang='lat' dir='ltr'><strong>oporatur</strong></span> <span class='ocrx_word' id='word_1_159' title='bbox 1875 1509 1976 1587; x_wconf 88' lang='lat' dir='ltr'><strong>iram,</strong></span> <span class='ocrx_word' id='word_1_160' title='bbox 1999 1505 2095 1574; x_wconf 81' lang='lat' dir='ltr'><strong>&#39;l&#39;unc</strong></span> <span class='ocrx_word' id='word_1_161' title='bbox 2118 1529 2178 1574; x_wconf 84' lang='lat' dir='ltr'><strong>au-</strong></span> 
     </span>
     <span class='ocr_line' id='line_1_13' title="bbox 160 1590 2175 1680; baseline -0 -19"><span class='ocrx_word' id='word_1_162' title='bbox 160 1597 172 1661; x_wconf 92' lang='lat' dir='ltr'><strong>i</strong></span> <span class='ocrx_word' id='word_1_163' title='bbox 198 1616 275 1661; x_wconf 89' lang='lat' dir='ltr'><strong>sam</strong></span> <span class='ocrx_word' id='word_1_164' title='bbox 296 1597 494 1661; x_wconf 79' lang='lat' dir='ltr'><strong>sententiam</strong></span> <span class='ocrx_word' id='word_1_165' title='bbox 517 1597 631 1661; x_wconf 86' lang='lat' dir='ltr'><strong>verbis</strong></span> <span class='ocrx_word' id='word_1_166' title='bbox 653 1593 742 1680; x_wconf 90' lang='lat' dir='ltr'><strong>alijs,</strong></span> <span class='ocrx_word' id='word_1_167' title='bbox 763 1607 800 1659; x_wconf 84' lang='lat' dir='ltr'><strong>vt</strong></span> <span class='ocrx_word' id='word_1_168' title='bbox 822 1595 987 1675; x_wconf 84' lang='lat' dir='ltr'><strong>videntur,</strong></span> <span class='ocrx_word' id='word_1_169' title='bbox 1006 1591 1139 1673; x_wconf 83' lang='lat' dir='ltr'><strong>extulit,</strong></span> <span class='ocrx_word' id='word_1_170' title='bbox 1191 1608 1258 1660; x_wconf 85' lang='lat' dir='ltr'><strong>tem</strong></span> <span class='ocrx_word' id='word_1_171' title='bbox 1279 1590 1359 1658; x_wconf 82' lang='lat' dir='ltr'><strong>iacit</strong></span> <span class='ocrx_word' id='word_1_172' title='bbox 1378 1592 1506 1680; x_wconf 80' lang='lat' dir='ltr'><strong>legem,</strong></span> <span class='ocrx_word' id='word_1_173' title='bbox 1529 1595 1663 1680; x_wconf 92' lang='lat' dir='ltr'><strong>quando</strong></span> <span class='ocrx_word' id='word_1_174' title='bbox 1685 1594 1777 1658; x_wconf 91' lang='lat' dir='ltr'><strong>audit</strong></span> <span class='ocrx_word' id='word_1_175' title='bbox 1797 1594 1896 1660; x_wconf 88' lang='lat' dir='ltr'><strong>nobis</strong></span> <span class='ocrx_word' id='word_1_176' title='bbox 1917 1604 2056 1678; x_wconf 85' lang='lat' dir='ltr'><strong>propter</strong></span> <span class='ocrx_word' id='word_1_177' title='bbox 2077 1592 2175 1660; x_wconf 84' lang='lat' dir='ltr'><strong>Chri·</strong></span> 
     </span>
     <span class='ocr_line' id='line_1_14' title="bbox 185 1675 2176 1767; baseline -0.002 -19"><span class='ocrx_word' id='word_1_178' title='bbox 185 1692 361 1767; x_wconf 90' lang='lat' dir='ltr'><strong>etorquent</strong></span> <span class='ocrx_word' id='word_1_179' title='bbox 381 1683 485 1746; x_wconf 87' lang='lat' dir='ltr'><strong>verba</strong></span> <span class='ocrx_word' id='word_1_180' title='bbox 507 1681 691 1746; x_wconf 87' lang='lat' dir='ltr'><strong>aduersari&#39;</strong></span> <span class='ocrx_word' id='word_1_181' title='bbox 721 1694 838 1746; x_wconf 79' lang='grc' dir='ltr'><strong>οοιιιιιι</strong></span> <span class='ocrx_word' id='word_1_182' title='bbox 860 1681 1044 1746; x_wconf 80' lang='lat' dir='ltr'><strong>doctrinam</strong></span> <span class='ocrx_word' id='word_1_183' title='bbox 1066 1699 1141 1767; x_wconf 77' lang='lat' dir='ltr'><strong>gra·</strong></span> <span class='ocrx_word' id='word_1_184' title='bbox 1191 1694 1277 1745; x_wconf 88' lang='lat' dir='ltr'><strong>stum</strong></span> <span class='ocrx_word' id='word_1_185' title='bbox 1311 1675 1521 1766; x_wconf 86' lang='lat' dir='ltr'><strong>reconciliari</strong></span> <span class='ocrx_word' id='word_1_186' title='bbox 1548 1677 1675 1758; x_wconf 89' lang='lat' dir='ltr'><strong>Deum,</strong></span> <span class='ocrx_word' id='word_1_187' title='bbox 1698 1681 1796 1744; x_wconf 91' lang='lat' dir='ltr'><strong>etiam</strong></span> <span class='ocrx_word' id='word_1_188' title='bbox 1817 1679 1848 1744; x_wconf 91' lang='lat' dir='ltr'><strong>si</strong></span> <span class='ocrx_word' id='word_1_189' title='bbox 1874 1676 1942 1765; x_wconf 76' lang='lat' dir='ltr'><strong>legi</strong></span> <span class='ocrx_word' id='word_1_190' title='bbox 1962 1698 2031 1744; x_wconf 92' lang='lat' dir='ltr'><strong>non</strong></span> <span class='ocrx_word' id='word_1_191' title='bbox 2055 1698 2176 1765; x_wconf 87' lang='lat' dir='ltr'><strong>possu-</strong></span> 
     </span>
     <span class='ocr_line' id='line_1_15' title="bbox 160 1761 2176 1851; baseline -0.001 -19"><span class='ocrx_word' id='word_1_192' title='bbox 160 1769 227 1833; x_wconf 90' lang='lat' dir='ltr'><strong>tiae</strong></span> <span class='ocrx_word' id='word_1_193' title='bbox 258 1779 292 1832; x_wconf 93' lang='lat' dir='ltr'><strong>et</strong></span> <span class='ocrx_word' id='word_1_194' title='bbox 319 1766 406 1832; x_wconf 82' lang='lat' dir='ltr'><strong>fidei.</strong></span> <span class='ocrx_word' id='word_1_195' title='bbox 455 1764 538 1832; x_wconf 85' lang='lat' dir='ltr'><strong>Cum</strong></span> <span class='ocrx_word' id='word_1_196' title='bbox 564 1766 654 1831; x_wconf 85' lang='lat' dir='ltr'><strong>Doni</strong></span> <span class='ocrx_word' id='word_1_197' title='bbox 713 1768 854 1831; x_wconf 82' lang='lat' dir='ltr'><strong>maxime</strong></span> <span class='ocrx_word' id='word_1_198' title='bbox 882 1763 1026 1831; x_wconf 77' lang='lat' dir='ltr'><strong>voluerit</strong></span> <span class='ocrx_word' id='word_1_199' title='bbox 1051 1785 1141 1831; x_wconf 90' lang='lat' dir='ltr'><strong>com·</strong></span> <span class='ocrx_word' id='word_1_200' title='bbox 1192 1786 1264 1830; x_wconf 89' lang='lat' dir='ltr'><strong>mus</strong></span> <span class='ocrx_word' id='word_1_201' title='bbox 1286 1761 1495 1832; x_wconf 81' lang='lat' dir='ltr'><strong>satisfecere.</strong></span> <span class='ocrx_word' id='word_1_202' title='bbox 1539 1762 1623 1830; x_wconf 80' lang='lat' dir='ltr'><strong>Cum</strong></span> <span class='ocrx_word' id='word_1_203' title='bbox 1646 1763 1712 1831; x_wconf 91' lang='lat' dir='ltr'><strong>hac</strong></span> <span class='ocrx_word' id='word_1_204' title='bbox 1733 1764 1800 1830; x_wconf 88' lang='lat' dir='ltr'><strong>fide</strong></span> <span class='ocrx_word' id='word_1_205' title='bbox 1827 1764 2089 1851; x_wconf 83' lang='lat' dir='ltr'><strong>ripprehenditur</strong></span> <span class='ocrx_word' id='word_1_206' title='bbox 2109 1783 2176 1830; x_wconf 88' lang='lat' dir='ltr'><strong>me·</strong></span> 
     </span>
     <span class='ocr_line' id='line_1_16' title="bbox 183 1847 2094 1939; baseline -0.002 -22"><span class='ocrx_word' id='word_1_207' title='bbox 183 1850 263 1918; x_wconf 86' lang='lat' dir='ltr'><strong>lecti</strong></span> <span class='ocrx_word' id='word_1_208' title='bbox 286 1852 392 1919; x_wconf 88' lang='lat' dir='ltr'><strong>iidem.</strong></span> <span class='ocrx_word' id='word_1_209' title='bbox 437 1853 495 1920; x_wconf 87' lang='lat' dir='ltr'><strong>Sic</strong></span> <span class='ocrx_word' id='word_1_210' title='bbox 521 1853 622 1939; x_wconf 80' lang='lat' dir='ltr'><strong>igitur</strong></span> <span class='ocrx_word' id='word_1_211' title='bbox 643 1853 686 1917; x_wconf 94' lang='lat' dir='ltr'><strong>ad</strong></span> <span class='ocrx_word' id='word_1_212' title='bbox 710 1853 812 1918; x_wconf 80' lang='lat' dir='ltr'><strong>verba</strong></span> <span class='ocrx_word' id='word_1_213' title='bbox 833 1849 984 1916; x_wconf 90' lang='lat' dir='ltr'><strong>Danielis</strong></span> <span class='ocrx_word' id='word_1_214' title='bbox 1006 1869 1141 1937; x_wconf 81' lang='lat' dir='ltr'><strong>respon·</strong></span> <span class='ocrx_word' id='word_1_215' title='bbox 1191 1850 1299 1916; x_wconf 85' lang='lat' dir='ltr'><strong>diator</strong></span> <span class='ocrx_word' id='word_1_216' title='bbox 1327 1848 1500 1929; x_wconf 79' lang='lat' dir='ltr'><strong>Christus,</strong></span> <span class='ocrx_word' id='word_1_217' title='bbox 1535 1870 1596 1916; x_wconf 88' lang='lat' dir='ltr'><strong>cor</strong></span> <span class='ocrx_word' id='word_1_218' title='bbox 1620 1851 1806 1939; x_wconf 73' lang='lat' dir='ltr'><strong>adquiescit</strong></span> <span class='ocrx_word' id='word_1_219' title='bbox 1832 1861 1866 1916; x_wconf 90' lang='lat' dir='ltr'><strong>et</strong></span> <span class='ocrx_word' id='word_1_220' title='bbox 1893 1850 1960 1916; x_wconf 88' lang='lat' dir='ltr'><strong>inci</strong></span> <span class='ocrx_word' id='word_1_221' title='bbox 1983 1851 2009 1914; x_wconf 92' lang='lat' dir='ltr'><strong>it</strong></span> <span class='ocrx_word' id='word_1_222' title='bbox 2035 1847 2094 1917; x_wconf 86' lang='lat' dir='ltr'><strong>dili</strong></span> 
     </span>
     <span class='ocr_line' id='line_1_17' title="bbox 160 1868 2178 2024; baseline -0.002 -20"><span class='ocrx_word' id='word_1_223' title='bbox 160 1875 291 2016; x_wconf 69' lang='lat' dir='ltr'><strong>lomus,</strong></span> <span class='ocrx_word' id='word_1_224' title='bbox 316 1938 405 2023; x_wconf 87' lang='lat' dir='ltr'><strong>quod</strong></span> <span class='ocrx_word' id='word_1_225' title='bbox 427 1939 506 2024; x_wconf 86' lang='lat' dir='ltr'><strong>quis</strong></span> <span class='ocrx_word' id='word_1_226' title='bbox 526 1939 762 2023; x_wconf 82' lang='lat' dir='ltr'><strong>poenitentiam</strong></span> <span class='ocrx_word' id='word_1_227' title='bbox 784 1937 974 2021; x_wconf 89' lang='lat' dir='ltr'><strong>praedicat,</strong></span> <span class='ocrx_word' id='word_1_228' title='bbox 994 1957 1062 2002; x_wconf 92' lang='lat' dir='ltr'><strong>non</strong></span> <span class='ocrx_word' id='word_1_229' title='bbox 1082 1937 1141 2001; x_wconf 93' lang='lat' dir='ltr'><strong>do·</strong></span> <span class='ocrx_word' id='word_1_230' title='bbox 1191 1933 1312 2016; x_wconf 90' lang='lat' dir='ltr'><strong>Deum,</strong></span> <span class='ocrx_word' id='word_1_231' title='bbox 1335 1947 1368 2001; x_wconf 90' lang='lat' dir='ltr'><strong>et</strong></span> <span class='ocrx_word' id='word_1_232' title='bbox 1388 1933 1501 2003; x_wconf 82' lang='lat' dir='ltr'><strong>iaoere</strong></span> <span class='ocrx_word' id='word_1_233' title='bbox 1523 1931 1644 2022; x_wconf 70' lang='lat' dir='ltr'><strong>lesem,</strong></span> <span class='ocrx_word' id='word_1_234' title='bbox 1665 1946 1698 2000; x_wconf 89' lang='lat' dir='ltr'><strong>et</strong></span> <span class='ocrx_word' id='word_1_235' title='bbox 1719 1937 1784 2002; x_wconf 89' lang='lat' dir='ltr'><strong>scit</strong></span> <span class='ocrx_word' id='word_1_236' title='bbox 1799 1936 1865 2001; x_wconf 90' lang='lat' dir='ltr'><strong>iarn</strong></span> <span class='ocrx_word' id='word_1_237' title='bbox 1886 1955 1925 2002; x_wconf 88' lang='lat' dir='ltr'><strong>sc</strong></span> <span class='ocrx_word' id='word_1_238' title='bbox 1998 1955 2076 2001; x_wconf 83' lang='lat' dir='ltr'><strong>aare</strong></span> <span class='ocrx_word' id='word_1_239' title='bbox 2088 1868 2178 2016; x_wconf 49' lang='lat' dir='ltr'><strong>Dtoo,</strong></span> 
     </span>
     <span class='ocr_line' id='line_1_18' title="bbox 160 1956 2179 2113; baseline -0.001 -23"><span class='ocrx_word' id='word_1_240' title='bbox 160 2036 236 2090; x_wconf 87' lang='lat' dir='ltr'><strong>oeat</strong></span> <span class='ocrx_word' id='word_1_241' title='bbox 263 2035 389 2090; x_wconf 88' lang='lat' dir='ltr'><strong>tanturn</strong></span> <span class='ocrx_word' id='word_1_242' title='bbox 411 2025 455 2089; x_wconf 87' lang='lat' dir='ltr'><strong>de</strong></span> <span class='ocrx_word' id='word_1_243' title='bbox 476 2024 650 2108; x_wconf 83' lang='lat' dir='ltr'><strong>operibns,</strong></span> <span class='ocrx_word' id='word_1_244' title='bbox 680 2023 748 2089; x_wconf 89' lang='lat' dir='ltr'><strong>Sed</strong></span> <span class='ocrx_word' id='word_1_245' title='bbox 769 2025 811 2089; x_wconf 91' lang='lat' dir='ltr'><strong>de</strong></span> <span class='ocrx_word' id='word_1_246' title='bbox 838 2022 905 2087; x_wconf 85' lang='lat' dir='ltr'><strong>ilde</strong></span> <span class='ocrx_word' id='word_1_247' title='bbox 925 2042 992 2108; x_wconf 92' lang='lat' dir='ltr'><strong>quo</strong></span> <span class='ocrx_word' id='word_1_248' title='bbox 1016 2042 1077 2100; x_wconf 90' lang='lat' dir='ltr'><strong>ue,</strong></span> <span class='ocrx_word' id='word_1_249' title='bbox 1104 2031 1143 2084; x_wconf 85' lang='lat' dir='ltr'><strong>vt</strong></span> <span class='ocrx_word' id='word_1_250' title='bbox 1214 2032 1329 2105; x_wconf 87' lang='lat' dir='ltr'><strong>roptcr</strong></span> <span class='ocrx_word' id='word_1_251' title='bbox 1345 2023 1562 2087; x_wconf 79' lang='lat' dir='ltr'><strong>mediatorem</strong></span> <span class='ocrx_word' id='word_1_252' title='bbox 1583 2019 1765 2100; x_wconf 80' lang='lat' dir='ltr'><strong>Christum,</strong></span> <span class='ocrx_word' id='word_1_253' title='bbox 1784 2021 1917 2087; x_wconf 87' lang='lat' dir='ltr'><strong>etiamsi</strong></span> <span class='ocrx_word' id='word_1_254' title='bbox 1937 1956 2179 2113; x_wconf 65' lang='lat' dir='ltr'><strong>Dieinchoate</strong></span> 
     </span>
     <span class='ocr_line' id='line_1_19' title="bbox 266 2042 2214 2194; baseline -0.001 -20"><span class='ocrx_word' id='word_1_255' title='bbox 266 2109 413 2175; x_wconf 86' lang='lat' dir='ltr'><strong>Historia</strong></span> <span class='ocrx_word' id='word_1_256' title='bbox 447 2112 482 2174; x_wconf 91' lang='lat' dir='ltr'><strong>in</strong></span> <span class='ocrx_word' id='word_1_257' title='bbox 513 2107 621 2175; x_wconf 83' lang='lat' dir='ltr'><strong>Textu</strong></span> <span class='ocrx_word' id='word_1_258' title='bbox 661 2119 813 2175; x_wconf 84' lang='lat' dir='ltr'><strong>testatur.</strong></span> <span class='ocrx_word' id='word_1_259' title='bbox 875 2042 1032 2176; x_wconf 67' lang='lat' dir='ltr'><strong>Secundo</strong></span> <span class='ocrx_word' id='word_1_260' title='bbox 1065 2107 1143 2192; x_wconf 91' lang='lat' dir='ltr'><strong>quia</strong></span> <span class='ocrx_word' id='word_1_261' title='bbox 1191 2044 1278 2194; x_wconf 83' lang='lat' dir='ltr'><strong>legis</strong></span> <span class='ocrx_word' id='word_1_262' title='bbox 1304 2104 1450 2190; x_wconf 86' lang='lat' dir='ltr'><strong>impletio</strong></span> <span class='ocrx_word' id='word_1_263' title='bbox 1500 2104 1597 2173; x_wconf 89' lang='lat' dir='ltr'><strong>rocul</strong></span> <span class='ocrx_word' id='word_1_264' title='bbox 1623 2108 1753 2172; x_wconf 88' lang='lat' dir='ltr'><strong>absita</strong></span> <span class='ocrx_word' id='word_1_265' title='bbox 1776 2105 1995 2193; x_wconf 79' lang='lat' dir='ltr'><strong>perfectione,</strong></span> <span class='ocrx_word' id='word_1_266' title='bbox 2018 2118 2055 2173; x_wconf 86' lang='lat' dir='ltr'><strong>et</strong></span> <span class='ocrx_word' id='word_1_267' title='bbox 2074 2103 2178 2173; x_wconf 77' lang='lat' dir='ltr'><strong>valde</strong></span> <span class='ocrx_word' id='word_1_268' title='bbox 2212 2190 2214 2194; x_wconf 10' lang='grc' dir='ltr'><em>Α</em></span> 
     </span>
     <span class='ocr_line' id='line_1_20' title="bbox 193 2128 2181 2281; baseline -0.002 -20"><span class='ocrx_word' id='word_1_269' title='bbox 193 2191 280 2261; x_wconf 87' lang='lat' dir='ltr'><strong>aniel</strong></span> <span class='ocrx_word' id='word_1_270' title='bbox 302 2193 393 2261; x_wconf 86' lang='lat' dir='ltr'><strong>clare</strong></span> <span class='ocrx_word' id='word_1_271' title='bbox 412 2195 505 2281; x_wconf 89' lang='lat' dir='ltr'><strong>ponit</strong></span> <span class='ocrx_word' id='word_1_272' title='bbox 525 2194 797 2279; x_wconf 84' lang='lat' dir='ltr'><strong>promissionem,</strong></span> <span class='ocrx_word' id='word_1_273' title='bbox 818 2194 1011 2260; x_wconf 86' lang='lat' dir='ltr'><strong>necessario</strong></span> <span class='ocrx_word' id='word_1_274' title='bbox 1033 2192 1142 2277; x_wconf 91' lang='lat' dir='ltr'><strong>requi·</strong></span> <span class='ocrx_word' id='word_1_275' title='bbox 1191 2194 1236 2258; x_wconf 88' lang='lat' dir='ltr'><strong>sit</strong></span> <span class='ocrx_word' id='word_1_276' title='bbox 1256 2193 1440 2271; x_wconf 91' lang='lat' dir='ltr'><strong>immunda,</strong></span> <span class='ocrx_word' id='word_1_277' title='bbox 1476 2128 1535 2258; x_wconf 59' lang='lat' dir='ltr'><strong>Dic</strong></span> <span class='ocrx_word' id='word_1_278' title='bbox 1555 2193 1769 2258; x_wconf 86' lang='lat' dir='ltr'><strong>iudicandum</strong></span> <span class='ocrx_word' id='word_1_279' title='bbox 1791 2205 1845 2257; x_wconf 85' lang='lat' dir='ltr'><strong>est</strong></span> <span class='ocrx_word' id='word_1_280' title='bbox 1872 2205 1906 2258; x_wconf 90' lang='lat' dir='ltr'><strong>et</strong></span> <span class='ocrx_word' id='word_1_281' title='bbox 1928 2193 1972 2258; x_wconf 90' lang='lat' dir='ltr'><strong>de</strong></span> <span class='ocrx_word' id='word_1_282' title='bbox 2003 2194 2181 2276; x_wconf 70' lang='lat' dir='ltr'><strong>praestes.</strong></span> 
     </span>
     <span class='ocr_line' id='line_1_21' title="bbox 159 2274 2177 2366; baseline -0.001 -19"><span class='ocrx_word' id='word_1_283' title='bbox 159 2283 203 2347; x_wconf 90' lang='lat' dir='ltr'><strong>rit</strong></span> <span class='ocrx_word' id='word_1_284' title='bbox 237 2279 355 2358; x_wconf 87' lang='lat' dir='ltr'><strong>iidem,</strong></span> <span class='ocrx_word' id='word_1_285' title='bbox 387 2301 473 2366; x_wconf 88' lang='lat' dir='ltr'><strong>qnae</strong></span> <span class='ocrx_word' id='word_1_286' title='bbox 505 2281 621 2345; x_wconf 87' lang='lat' dir='ltr'><strong>credat</strong></span> <span class='ocrx_word' id='word_1_287' title='bbox 649 2280 758 2364; x_wconf 81' lang='lat' dir='ltr'><strong>gratis</strong></span> <span class='ocrx_word' id='word_1_288' title='bbox 789 2280 909 2346; x_wconf 87' lang='lat' dir='ltr'><strong>remitti</strong></span> <span class='ocrx_word' id='word_1_289' title='bbox 948 2290 1090 2363; x_wconf 84' lang='lat' dir='ltr'><strong>peccata</strong></span> <span class='ocrx_word' id='word_1_290' title='bbox 1121 2295 1144 2342; x_wconf 88' lang='lat' dir='ltr'><strong>a</strong></span> <span class='ocrx_word' id='word_1_291' title='bbox 1191 2281 1282 2345; x_wconf 89' lang='lat' dir='ltr'><strong>tione</strong></span> <span class='ocrx_word' id='word_1_292' title='bbox 1296 2280 1364 2356; x_wconf 70' lang='lat'><strong>⁵⁸⁸)</strong></span> <span class='ocrx_word' id='word_1_293' title='bbox 1384 2278 1616 2362; x_wconf 88' lang='lat' dir='ltr'><strong>poenitentiae.</strong></span> <span class='ocrx_word' id='word_1_294' title='bbox 1645 2276 1842 2365; x_wconf 88' lang='lat' dir='ltr'><strong>Quanquam</strong></span> <span class='ocrx_word' id='word_1_295' title='bbox 1863 2279 1951 2344; x_wconf 91' lang='lat' dir='ltr'><strong>enirn</strong></span> <span class='ocrx_word' id='word_1_296' title='bbox 1971 2274 2177 2345; x_wconf 81' lang='lat' dir='ltr'><strong>Sohulestitd</strong></span> 
     </span>
     <span class='ocr_line' id='line_1_22' title="bbox 160 2360 2176 2451; baseline -0 -19"><span class='ocrx_word' id='word_1_297' title='bbox 160 2365 246 2432; x_wconf 90' lang='lat' dir='ltr'><strong>Deo.</strong></span> <span class='ocrx_word' id='word_1_298' title='bbox 297 2365 495 2450; x_wconf 88' lang='lat' dir='ltr'><strong>Quanquam</strong></span> <span class='ocrx_word' id='word_1_299' title='bbox 522 2365 621 2451; x_wconf 80' lang='lat' dir='ltr'><strong>igitur</strong></span> <span class='ocrx_word' id='word_1_300' title='bbox 652 2369 685 2431; x_wconf 92' lang='lat' dir='ltr'><strong>in</strong></span> <span class='ocrx_word' id='word_1_301' title='bbox 714 2365 916 2448; x_wconf 89' lang='lat' dir='ltr'><strong>poenitentia</strong></span> <span class='ocrx_word' id='word_1_302' title='bbox 944 2382 1143 2429; x_wconf 88' lang='lat' dir='ltr'><strong>commemo-</strong></span> <span class='ocrx_word' id='word_1_303' title='bbox 1191 2360 1274 2430; x_wconf 90' lang='lat' dir='ltr'><strong>nihil</strong></span> <span class='ocrx_word' id='word_1_304' title='bbox 1301 2364 1435 2429; x_wconf 93' lang='lat' dir='ltr'><strong>omnlno</strong></span> <span class='ocrx_word' id='word_1_305' title='bbox 1457 2364 1500 2428; x_wconf 92' lang='lat' dir='ltr'><strong>de</strong></span> <span class='ocrx_word' id='word_1_306' title='bbox 1521 2363 1588 2429; x_wconf 87' lang='lat' dir='ltr'><strong>fide</strong></span> <span class='ocrx_word' id='word_1_307' title='bbox 1608 2366 1643 2428; x_wconf 90' lang='lat' dir='ltr'><strong>in</strong></span> <span class='ocrx_word' id='word_1_308' title='bbox 1661 2364 1812 2430; x_wconf 84' lang='lat' dir='ltr'><strong>doctrina</strong></span> <span class='ocrx_word' id='word_1_309' title='bbox 1833 2364 2059 2449; x_wconf 87' lang='lat' dir='ltr'><strong>poenitentiae</strong></span> <span class='ocrx_word' id='word_1_310' title='bbox 2083 2365 2176 2431; x_wconf 84' lang='lat' dir='ltr'><strong>dixe·</strong></span> 
     </span>
     <span class='ocr_line' id='line_1_23' title="bbox 161 2449 2178 2536; baseline 0.001 -20"><span class='ocrx_word' id='word_1_311' title='bbox 161 2462 215 2517; x_wconf 87' lang='lat' dir='ltr'><strong>rat</strong></span> <span class='ocrx_word' id='word_1_312' title='bbox 235 2470 356 2535; x_wconf 83' lang='lat' dir='ltr'><strong>opero,</strong></span> <span class='ocrx_word' id='word_1_313' title='bbox 384 2463 494 2516; x_wconf 83' lang='lat' dir='ltr'><strong>temen</strong></span> <span class='ocrx_word' id='word_1_314' title='bbox 520 2449 586 2516; x_wconf 90' lang='lat' dir='ltr'><strong>hoc</strong></span> <span class='ocrx_word' id='word_1_315' title='bbox 607 2449 729 2515; x_wconf 82' lang='lat' dir='ltr'><strong>Daniel</strong></span> <span class='ocrx_word' id='word_1_316' title='bbox 750 2471 818 2517; x_wconf 93' lang='lat' dir='ltr'><strong>non</strong></span> <span class='ocrx_word' id='word_1_317' title='bbox 839 2451 936 2530; x_wconf 89' lang='lat' dir='ltr'><strong>dicit,</strong></span> <span class='ocrx_word' id='word_1_318' title='bbox 970 2449 1061 2536; x_wconf 90' lang='lat' dir='ltr'><strong>qnod</strong></span> <span class='ocrx_word' id='word_1_319' title='bbox 1107 2468 1145 2513; x_wconf 91' lang='lat' dir='ltr'><strong>er</strong></span> <span class='ocrx_word' id='word_1_320' title='bbox 1192 2461 1293 2529; x_wconf 88' lang='lat' dir='ltr'><strong>runt,</strong></span> <span class='ocrx_word' id='word_1_321' title='bbox 1334 2459 1444 2514; x_wconf 82' lang='lat' dir='ltr'><strong>temen</strong></span> <span class='ocrx_word' id='word_1_322' title='bbox 1474 2450 1673 2515; x_wconf 86' lang='lat' dir='ltr'><strong>arbitramur</strong></span> <span class='ocrx_word' id='word_1_323' title='bbox 1710 2451 1874 2516; x_wconf 89' lang='lat' dir='ltr'><strong>neminem</strong></span> <span class='ocrx_word' id='word_1_324' title='bbox 1903 2449 2178 2518; x_wconf 72' lang='lat' dir='ltr'><strong>aduenariorum</strong></span> 
     </span>
     <span class='ocr_line' id='line_1_24' title="bbox 164 2469 2180 2622; baseline -0.001 -19"><span class='ocrx_word' id='word_1_325' title='bbox 164 2556 268 2622; x_wconf 88' lang='lat' dir='ltr'><strong>opera</strong></span> <span class='ocrx_word' id='word_1_326' title='bbox 284 2533 343 2601; x_wconf 83' lang='lat' dir='ltr'><strong>illa</strong></span> <span class='ocrx_word' id='word_1_327' title='bbox 360 2556 547 2602; x_wconf 80' lang='lat' dir='ltr'><strong>mereamur</strong></span> <span class='ocrx_word' id='word_1_328' title='bbox 563 2535 790 2603; x_wconf 89' lang='lat' dir='ltr'><strong>remissionem</strong></span> <span class='ocrx_word' id='word_1_329' title='bbox 813 2546 1039 2622; x_wconf 75' lang='lat' dir='ltr'><strong>peccatorum.</strong></span> <span class='ocrx_word' id='word_1_330' title='bbox 1078 2469 1143 2599; x_wconf 66' lang='lat' dir='ltr'><strong>lo</strong></span> <span class='ocrx_word' id='word_1_331' title='bbox 1193 2546 1260 2601; x_wconf 91' lang='lat' dir='ltr'><strong>tam</strong></span> <span class='ocrx_word' id='word_1_332' title='bbox 1291 2553 1370 2600; x_wconf 90' lang='lat' dir='ltr'><strong>esse</strong></span> <span class='ocrx_word' id='word_1_333' title='bbox 1402 2533 1582 2613; x_wconf 73' lang='lat' dir='ltr'><strong>ludorum,</strong></span> <span class='ocrx_word' id='word_1_334' title='bbox 1614 2546 1698 2600; x_wconf 88' lang='lat' dir='ltr'><strong>vtu</strong></span> <span class='ocrx_word' id='word_1_335' title='bbox 1763 2532 2045 2601; x_wconf 85' lang='lat' dir='ltr'><strong>tabsolntionem</strong></span> <span class='ocrx_word' id='word_1_336' title='bbox 2064 2534 2180 2602; x_wconf 84' lang='lat' dir='ltr'><strong>Euen-</strong></span> 
     </span>
     <span class='ocr_line' id='line_1_25' title="bbox 161 2617 2178 2710; baseline 0.001 -23"><span class='ocrx_word' id='word_1_337' title='bbox 161 2623 273 2710; x_wconf 89' lang='lat' dir='ltr'><strong>quitur</strong></span> <span class='ocrx_word' id='word_1_338' title='bbox 299 2623 386 2687; x_wconf 90' lang='lat' dir='ltr'><strong>enim</strong></span> <span class='ocrx_word' id='word_1_339' title='bbox 409 2620 531 2689; x_wconf 89' lang='lat' dir='ltr'><strong>Daniel</strong></span> <span class='ocrx_word' id='word_1_340' title='bbox 557 2643 624 2687; x_wconf 90' lang='lat' dir='ltr'><strong>non</strong></span> <span class='ocrx_word' id='word_1_341' title='bbox 652 2620 761 2689; x_wconf 92' lang='lat' dir='ltr'><strong>solum</strong></span> <span class='ocrx_word' id='word_1_342' title='bbox 789 2624 831 2688; x_wconf 88' lang='lat' dir='ltr'><strong>de</strong></span> <span class='ocrx_word' id='word_1_343' title='bbox 857 2620 1053 2686; x_wconf 86' lang='lat' dir='ltr'><strong>remissione</strong></span> <span class='ocrx_word' id='word_1_344' title='bbox 1075 2617 1144 2686; x_wconf 92' lang='lat' dir='ltr'><strong>cul·</strong></span> <span class='ocrx_word' id='word_1_345' title='bbox 1194 2619 1273 2707; x_wconf 79' lang='lat' dir='ltr'><strong>gelij</strong></span> <span class='ocrx_word' id='word_1_346' title='bbox 1298 2640 1414 2686; x_wconf 87' lang='lat' dir='ltr'><strong>rocem</strong></span> <span class='ocrx_word' id='word_1_347' title='bbox 1436 2638 1526 2686; x_wconf 83' lang='lat' dir='ltr'><strong>esse.</strong></span> <span class='ocrx_word' id='word_1_348' title='bbox 1569 2619 1677 2686; x_wconf 89' lang='lat' dir='ltr'><strong>Porro</strong></span> <span class='ocrx_word' id='word_1_349' title='bbox 1706 2641 1727 2686; x_wconf 93' lang='lat' dir='ltr'><strong>a</strong></span> <span class='ocrx_word' id='word_1_350' title='bbox 1750 2619 1874 2686; x_wconf 87' lang='lat' dir='ltr'><strong>solutio</strong></span> <span class='ocrx_word' id='word_1_351' title='bbox 1901 2621 1969 2686; x_wconf 88' lang='lat' dir='ltr'><strong>fide</strong></span> <span class='ocrx_word' id='word_1_352' title='bbox 1988 2620 2101 2706; x_wconf 86' lang='lat' dir='ltr'><strong>accipi</strong></span> <span class='ocrx_word' id='word_1_353' title='bbox 2121 2621 2178 2691; x_wconf 85' lang='lat' dir='ltr'><strong>de·</strong></span> 
     </span>
     <span class='ocr_line' id='line_1_26' title="bbox 160 2701 2179 2794; baseline 0 -23"><span class='ocrx_word' id='word_1_354' title='bbox 160 2726 245 2792; x_wconf 77' lang='lat' dir='ltr'><strong>pao,</strong></span> <span class='ocrx_word' id='word_1_355' title='bbox 269 2708 346 2792; x_wconf 88' lang='lat' dir='ltr'><strong>quia</strong></span> <span class='ocrx_word' id='word_1_356' title='bbox 373 2709 416 2773; x_wconf 94' lang='lat' dir='ltr'><strong>de</strong></span> <span class='ocrx_word' id='word_1_357' title='bbox 445 2709 642 2774; x_wconf 87' lang='lat' dir='ltr'><strong>remissione</strong></span> <span class='ocrx_word' id='word_1_358' title='bbox 657 2711 710 2784; x_wconf 82' lang='lat'><strong>⁵⁸)</strong></span> <span class='ocrx_word' id='word_1_359' title='bbox 737 2726 869 2792; x_wconf 86' lang='lat' dir='ltr'><strong>poenae</strong></span> <span class='ocrx_word' id='word_1_360' title='bbox 889 2703 1015 2772; x_wconf 81' lang='lat' dir='ltr'><strong>frustra</strong></span> <span class='ocrx_word' id='word_1_361' title='bbox 1036 2706 1144 2792; x_wconf 91' lang='lat' dir='ltr'><strong>queri·</strong></span> <span class='ocrx_word' id='word_1_362' title='bbox 1194 2710 1262 2788; x_wconf 83' lang='lat' dir='ltr'><strong>bet,</strong></span> <span class='ocrx_word' id='word_1_363' title='bbox 1284 2717 1321 2771; x_wconf 90' lang='lat' dir='ltr'><strong>vt</strong></span> <span class='ocrx_word' id='word_1_364' title='bbox 1342 2706 1448 2794; x_wconf 73' lang='lat' dir='ltr'><strong>erigat</strong></span> <span class='ocrx_word' id='word_1_365' title='bbox 1467 2701 1740 2791; x_wconf 80' lang='lat' dir='ltr'><strong>perterrefactam</strong></span> <span class='ocrx_word' id='word_1_366' title='bbox 1763 2706 2016 2772; x_wconf 81' lang='lat' dir='ltr'><strong>conscientiam.</strong></span> <span class='ocrx_word' id='word_1_367' title='bbox 2172 2706 2179 2725; x_wconf 89' lang='grc'><strong>“</strong></span> 
     </span>
     <span class='ocr_line' id='line_1_27' title="bbox 162 2789 2179 2880; baseline 0 -21"><span class='ocrx_word' id='word_1_368' title='bbox 162 2792 234 2874; x_wconf 76' lang='lat' dir='ltr'><strong>air,</strong></span> <span class='ocrx_word' id='word_1_369' title='bbox 259 2794 326 2859; x_wconf 87' lang='lat' dir='ltr'><strong>nisi</strong></span> <span class='ocrx_word' id='word_1_370' title='bbox 349 2813 410 2859; x_wconf 89' lang='lat' dir='ltr'><strong>cor</strong></span> <span class='ocrx_word' id='word_1_371' title='bbox 437 2793 692 2880; x_wconf 89' lang='lat' dir='ltr'><strong>apprehenderit</strong></span> <span class='ocrx_word' id='word_1_372' title='bbox 712 2794 804 2877; x_wconf 86' lang='lat' dir='ltr'><strong>prius</strong></span> <span class='ocrx_word' id='word_1_373' title='bbox 825 2793 1056 2858; x_wconf 85' lang='lat' dir='ltr'><strong>remissionem</strong></span> <span class='ocrx_word' id='word_1_374' title='bbox 1078 2789 1144 2858; x_wconf 92' lang='lat' dir='ltr'><strong>cul·</strong></span> <span class='ocrx_word' id='word_1_375' title='bbox 1279 2790 1395 2877; x_wconf 90' lang='lat' dir='ltr'><strong>ltaque</strong></span> <span class='ocrx_word' id='word_1_376' title='bbox 1425 2792 1579 2856; x_wconf 81' lang='lat' dir='ltr'><strong>doctrino</strong></span> <span class='ocrx_word' id='word_1_377' title='bbox 1602 2792 1841 2878; x_wconf 84' lang='lat' dir='ltr'><strong>poenitentiae,</strong></span> <span class='ocrx_word' id='word_1_378' title='bbox 1868 2793 1947 2878; x_wconf 88' lang='lat' dir='ltr'><strong>quie</strong></span> <span class='ocrx_word' id='word_1_379' title='bbox 1971 2811 2043 2857; x_wconf 86' lang='lat' dir='ltr'><strong>non</strong></span> <span class='ocrx_word' id='word_1_380' title='bbox 2063 2789 2179 2860; x_wconf 78' lang='lat' dir='ltr'><strong>solu</strong></span> 
     </span>
     <span class='ocr_line' id='line_1_28' title="bbox 183 2873 2183 2964; baseline 0 -19"><span class='ocrx_word' id='word_1_381' title='bbox 183 2899 234 2945; x_wconf 88' lang='lat' dir='ltr'><strong>aa.</strong></span> <span class='ocrx_word' id='word_1_382' title='bbox 288 2879 465 2945; x_wconf 81' lang='lat' dir='ltr'><strong>Caeterum</strong></span> <span class='ocrx_word' id='word_1_383' title='bbox 507 2879 537 2944; x_wconf 88' lang='lat' dir='ltr'><strong>si</strong></span> <span class='ocrx_word' id='word_1_384' title='bbox 570 2878 756 2962; x_wconf 70' lang='lat' dir='ltr'><strong>aduersarii</strong></span> <span class='ocrx_word' id='word_1_385' title='bbox 797 2889 924 2944; x_wconf 89' lang='lat' dir='ltr'><strong>tantum</strong></span> <span class='ocrx_word' id='word_1_386' title='bbox 954 2873 1144 2964; x_wconf 76' lang='lat' dir='ltr'><strong>intelligunt</strong></span> <span class='ocrx_word' id='word_1_387' title='bbox 1192 2896 1282 2944; x_wconf 87' lang='lat' dir='ltr'><strong>noua</strong></span> <span class='ocrx_word' id='word_1_388' title='bbox 1302 2896 1405 2964; x_wconf 88' lang='lat' dir='ltr'><strong>opera</strong></span> <span class='ocrx_word' id='word_1_389' title='bbox 1423 2877 1598 2964; x_wconf 88' lang='lat' dir='ltr'><strong>praecipit,</strong></span> <span class='ocrx_word' id='word_1_390' title='bbox 1621 2879 1683 2944; x_wconf 92' lang='lat' dir='ltr'><strong>sed</strong></span> <span class='ocrx_word' id='word_1_391' title='bbox 1704 2878 1804 2944; x_wconf 63' lang='grc' dir='ltr'><strong>οιιιιοι</strong></span> <span class='ocrx_word' id='word_1_392' title='bbox 1824 2878 1986 2962; x_wconf 84' lang='lat' dir='ltr'><strong>promittit</strong></span> <span class='ocrx_word' id='word_1_393' title='bbox 2004 2877 2183 2945; x_wconf 73' lang='lat' dir='ltr'><strong>remissio-</strong></span> 
     </span>
     <span class='ocr_line' id='line_1_29' title="bbox 194 2960 2180 3053; baseline -0.001 -24"><span class='ocrx_word' id='word_1_394' title='bbox 194 2962 335 3030; x_wconf 85' lang='lat' dir='ltr'><strong>anielem</strong></span> <span class='ocrx_word' id='word_1_395' title='bbox 363 2964 406 3031; x_wconf 90' lang='lat' dir='ltr'><strong>de</strong></span> <span class='ocrx_word' id='word_1_396' title='bbox 432 2965 631 3031; x_wconf 88' lang='lat' dir='ltr'><strong>remissione</strong></span> <span class='ocrx_word' id='word_1_397' title='bbox 658 2982 804 3050; x_wconf 79' lang='lat' dir='ltr'><strong>poenes,</strong></span> <span class='ocrx_word' id='word_1_398' title='bbox 831 2960 914 3030; x_wconf 90' lang='lat' dir='ltr'><strong>nihil</strong></span> <span class='ocrx_word' id='word_1_399' title='bbox 939 2972 1057 3029; x_wconf 85' lang='lat' dir='ltr'><strong>eontra</strong></span> <span class='ocrx_word' id='word_1_400' title='bbox 1077 2982 1142 3027; x_wconf 89' lang='lat' dir='ltr'><strong>nos</strong></span> <span class='ocrx_word' id='word_1_401' title='bbox 1192 2983 1269 3053; x_wconf 84' lang='lat' dir='ltr'><strong>nem</strong></span> <span class='ocrx_word' id='word_1_402' title='bbox 1290 2973 1522 3050; x_wconf 83' lang='lat' dir='ltr'><strong>peccatorum,</strong></span> <span class='ocrx_word' id='word_1_403' title='bbox 1542 2964 1749 3032; x_wconf 84' lang='lat' dir='ltr'><strong>necessario</strong></span> <span class='ocrx_word' id='word_1_404' title='bbox 1783 2963 1926 3049; x_wconf 87' lang='lat' dir='ltr'><strong>requirit.</strong></span> <span class='ocrx_word' id='word_1_405' title='bbox 1942 2961 2051 3028; x_wconf 81' lang='lat' dir='ltr'><strong>iidem.</strong></span> <span class='ocrx_word' id='word_1_406' title='bbox 2095 2962 2180 3028; x_wconf 85' lang='lat' dir='ltr'><strong>Non</strong></span> 
     </span>
     <span class='ocr_line' id='line_1_30' title="bbox 74 3045 2180 3137; baseline -0.002 -20"><span class='ocrx_word' id='word_1_407' title='bbox 74 3063 78 3069; x_wconf 81' lang='grc'><strong>’</strong></span> <span class='ocrx_word' id='word_1_408' title='bbox 160 3049 262 3117; x_wconf 81' lang='lat' dir='ltr'><strong>iaciat</strong></span> <span class='ocrx_word' id='word_1_409' title='bbox 288 3051 343 3117; x_wconf 92' lang='lat' dir='ltr'><strong>hic</strong></span> <span class='ocrx_word' id='word_1_410' title='bbox 366 3047 482 3130; x_wconf 83' lang='lat' dir='ltr'><strong>locus,</strong></span> <span class='ocrx_word' id='word_1_411' title='bbox 505 3051 582 3137; x_wconf 84' lang='lat' dir='ltr'><strong>quia</strong></span> <span class='ocrx_word' id='word_1_412' title='bbox 602 3052 648 3116; x_wconf 83' lang='lat' dir='ltr'><strong>ita</strong></span> <span class='ocrx_word' id='word_1_413' title='bbox 671 3069 813 3117; x_wconf 87' lang='lat' dir='ltr'><strong>necesse</strong></span> <span class='ocrx_word' id='word_1_414' title='bbox 834 3051 898 3117; x_wconf 92' lang='lat' dir='ltr'><strong>erit</strong></span> <span class='ocrx_word' id='word_1_415' title='bbox 918 3049 1013 3136; x_wconf 89' lang='lat' dir='ltr'><strong>ipsos</strong></span> <span class='ocrx_word' id='word_1_416' title='bbox 1034 3045 1143 3129; x_wconf 79' lang='lat' dir='ltr'><strong>fateri,</strong></span> <span class='ocrx_word' id='word_1_417' title='bbox 1192 3050 1280 3116; x_wconf 88' lang='lat' dir='ltr'><strong>enim</strong></span> <span class='ocrx_word' id='word_1_418' title='bbox 1296 3049 1457 3135; x_wconf 86' lang='lat' dir='ltr'><strong>accipitur</strong></span> <span class='ocrx_word' id='word_1_419' title='bbox 1471 3049 1623 3117; x_wconf 89' lang='lat' dir='ltr'><strong>remissio</strong></span> <span class='ocrx_word' id='word_1_420' title='bbox 1632 3059 1861 3136; x_wconf 86' lang='lat' dir='ltr'><strong>peecatorum,</strong></span> <span class='ocrx_word' id='word_1_421' title='bbox 1882 3048 1944 3115; x_wconf 80' lang='lat' dir='ltr'><strong>nisi</strong></span> <span class='ocrx_word' id='word_1_422' title='bbox 1957 3046 2036 3113; x_wconf 78' lang='lat' dir='ltr'><strong>tine</strong></span> <span class='ocrx_word' id='word_1_423' title='bbox 2071 3045 2180 3113; x_wconf 60' lang='lat' dir='ltr'><strong>seno</strong></span> 
     </span>
     <span class='ocr_line' id='line_1_31' title="bbox 161 3133 2185 3240; baseline -0 -39"><span class='ocrx_word' id='word_1_424' title='bbox 161 3136 252 3223; x_wconf 88' lang='lat' dir='ltr'><strong>quod</strong></span> <span class='ocrx_word' id='word_1_425' title='bbox 281 3135 435 3203; x_wconf 83' lang='lat' dir='ltr'><strong>remissio</strong></span> <span class='ocrx_word' id='word_1_426' title='bbox 461 3138 592 3222; x_wconf 90' lang='lat' dir='ltr'><strong>peccati</strong></span> <span class='ocrx_word' id='word_1_427' title='bbox 612 3146 647 3202; x_wconf 88' lang='lat' dir='ltr'><strong>et</strong></span> <span class='ocrx_word' id='word_1_428' title='bbox 669 3134 861 3203; x_wconf 86' lang='lat' dir='ltr'><strong>iustiiicstio</strong></span> <span class='ocrx_word' id='word_1_429' title='bbox 882 3136 1027 3240; x_wconf 60' lang='lat' dir='ltr'><strong>gratuita</strong></span> <span class='ocrx_word' id='word_1_430' title='bbox 1046 3154 1142 3219; x_wconf 84' lang='lat' dir='ltr'><strong>pree-</strong></span> <span class='ocrx_word' id='word_1_431' title='bbox 1192 3154 1253 3220; x_wconf 87' lang='lat' dir='ltr'><strong>per</strong></span> <span class='ocrx_word' id='word_1_432' title='bbox 1284 3134 1385 3223; x_wconf 75' lang='lat' dir='ltr'><strong>igitur</strong></span> <span class='ocrx_word' id='word_1_433' title='bbox 1415 3133 1450 3200; x_wconf 92' lang='lat' dir='ltr'><strong>in</strong></span> <span class='ocrx_word' id='word_1_434' title='bbox 1477 3135 1531 3203; x_wconf 85' lang='lat' dir='ltr'><strong>his</strong></span> <span class='ocrx_word' id='word_1_435' title='bbox 1561 3134 1649 3204; x_wconf 89' lang='lat' dir='ltr'><strong>locis</strong></span> <span class='ocrx_word' id='word_1_436' title='bbox 1676 3137 1719 3201; x_wconf 89' lang='lat' dir='ltr'><strong>de</strong></span> <span class='ocrx_word' id='word_1_437' title='bbox 1746 3135 1963 3222; x_wconf 77' lang='lat' dir='ltr'><strong>poemteede,</strong></span> <span class='ocrx_word' id='word_1_438' title='bbox 2116 3140 2185 3200; x_wconf 77' lang='lat' dir='ltr'><strong>‘ere</strong></span> 
     </span>
    </p>
   </div>
   <div class='ocr_carea' id='block_1_3' title="bbox 159 3213 2181 3802">
    <p class='ocr_par' dir='ltr' id='par_1_3' title="bbox 159 3213 2181 3802">
     <span class='ocr_line' id='line_1_32' title="bbox 163 3213 2173 3309; baseline -0.001 -22"><span class='ocrx_word' id='word_1_439' title='bbox 163 3218 271 3288; x_wconf 85' lang='lat' dir='ltr'><strong>cedat.</strong></span> <span class='ocrx_word' id='word_1_440' title='bbox 287 3213 302 3221; x_wconf 72' lang='grc'><strong>”</strong></span> <span class='ocrx_word' id='word_1_441' title='bbox 327 3222 453 3290; x_wconf 89' lang='lat' dir='ltr'><strong>Postea</strong></span> <span class='ocrx_word' id='word_1_442' title='bbox 483 3241 548 3288; x_wconf 88' lang='lat' dir='ltr'><strong>nos</strong></span> <span class='ocrx_word' id='word_1_443' title='bbox 603 3241 715 3309; x_wconf 88' lang='lat' dir='ltr'><strong>uoque</strong></span> <span class='ocrx_word' id='word_1_444' title='bbox 753 3222 969 3289; x_wconf 75' lang='lat' dir='ltr'><strong>concedimus</strong></span> <span class='ocrx_word' id='word_1_445' title='bbox 1002 3240 1142 3304; x_wconf 74' lang='lat' dir='ltr'><strong>poenm,</strong></span> <span class='ocrx_word' id='word_1_446' title='bbox 1192 3231 1334 3306; x_wconf 88' lang='lat' dir='ltr'><strong>oportet,</strong></span> <span class='ocrx_word' id='word_1_447' title='bbox 1366 3221 1458 3307; x_wconf 89' lang='lat' dir='ltr'><strong>quod</strong></span> <span class='ocrx_word' id='word_1_448' title='bbox 1489 3242 1558 3288; x_wconf 90' lang='lat' dir='ltr'><strong>nou</strong></span> <span class='ocrx_word' id='word_1_449' title='bbox 1585 3220 1694 3289; x_wconf 88' lang='lat' dir='ltr'><strong>solum</strong></span> <span class='ocrx_word' id='word_1_450' title='bbox 1716 3241 1839 3307; x_wconf 88' lang='lat' dir='ltr'><strong>opera,</strong></span> <span class='ocrx_word' id='word_1_451' title='bbox 1867 3221 1930 3287; x_wconf 83' lang='lat' dir='ltr'><strong>sed</strong></span> <span class='ocrx_word' id='word_1_452' title='bbox 1960 3218 2061 3285; x_wconf 81' lang='lat' dir='ltr'><strong>etiem</strong></span> <span class='ocrx_word' id='word_1_453' title='bbox 2156 3226 2173 3235; x_wconf 89' lang='lat'><strong>&#39;&#39;</strong></span> 
     </span>
     <span class='ocr_line' id='line_1_33' title="bbox 159 3242 2181 3459; baseline -0.002 -85"><span class='ocrx_word' id='word_1_454' title='bbox 159 3308 283 3459; x_wconf 76' lang='lat' dir='ltr'><strong>quibus</strong></span> <span class='ocrx_word' id='word_1_455' title='bbox 310 3309 513 3395; x_wconf 75' lang='lat' dir='ltr'><strong>castigamur</strong></span> <span class='ocrx_word' id='word_1_456' title='bbox 528 3242 682 3396; x_wconf 70' lang='lat' dir='ltr'><strong>millgari</strong></span> <span class='ocrx_word' id='word_1_457' title='bbox 707 3310 833 3374; x_wconf 88' lang='lat' dir='ltr'><strong>nostris</strong></span> <span class='ocrx_word' id='word_1_458' title='bbox 859 3306 1081 3388; x_wconf 73' lang='lat' dir='ltr'><strong>cretionibus,</strong></span> <span class='ocrx_word' id='word_1_459' title='bbox 1110 3317 1144 3373; x_wconf 80' lang='lat' dir='ltr'><strong>et</strong></span> <span class='ocrx_word' id='word_1_460' title='bbox 1192 3307 1393 3396; x_wconf 74' lang='lat' dir='ltr'><strong>requiratur,</strong></span> <span class='ocrx_word' id='word_1_461' title='bbox 1419 3318 1456 3373; x_wconf 89' lang='lat' dir='ltr'><strong>vt</strong></span> <span class='ocrx_word' id='word_1_462' title='bbox 1487 3305 1544 3373; x_wconf 89' lang='lat' dir='ltr'><strong>hic</strong></span> <span class='ocrx_word' id='word_1_463' title='bbox 1563 3306 1683 3399; x_wconf 83' lang='lat' dir='ltr'><strong>Matth.</strong></span> <span class='ocrx_word' id='word_1_464' title='bbox 1700 3310 1745 3374; x_wconf 81' lang='lat' dir='ltr'><strong>vi.</strong></span> <span class='ocrx_word' id='word_1_465' title='bbox 1759 3334 1772 3345; x_wconf 94' lang='lat'><strong>··</strong></span> <span class='ocrx_word' id='word_1_466' title='bbox 1794 3307 1832 3374; x_wconf 84' lang='lat' dir='ltr'><strong>si</strong></span> <span class='ocrx_word' id='word_1_467' title='bbox 1851 3304 2090 3384; x_wconf 76' lang='lat' dir='ltr'><strong>dimiseritis&#39;)</strong></span> <span class='ocrx_word' id='word_1_468' title='bbox 2116 3301 2181 3371; x_wconf 56' lang='lat' dir='ltr'><strong>hos.</strong></span> 
     </span>
     <span class='ocr_line' id='line_1_34' title="bbox 184 3389 2180 3483; baseline -0.002 -25"><span class='ocrx_word' id='word_1_469' title='bbox 184 3393 259 3459; x_wconf 85' lang='lat' dir='ltr'><strong>onis</strong></span> <span class='ocrx_word' id='word_1_470' title='bbox 284 3395 458 3479; x_wconf 85' lang='lat' dir='ltr'><strong>operibus,</strong></span> <span class='ocrx_word' id='word_1_471' title='bbox 487 3394 631 3481; x_wconf 87' lang='lat' dir='ltr'><strong>denique</strong></span> <span class='ocrx_word' id='word_1_472' title='bbox 658 3403 730 3460; x_wconf 81' lang='lat' dir='ltr'><strong>tots</strong></span> <span class='ocrx_word' id='word_1_473' title='bbox 750 3394 970 3480; x_wconf 86' lang='lat' dir='ltr'><strong>poenitentia,</strong></span> <span class='ocrx_word' id='word_1_474' title='bbox 992 3392 1086 3460; x_wconf 82' lang='lat' dir='ltr'><strong>iuxta</strong></span> <span class='ocrx_word' id='word_1_475' title='bbox 1104 3390 1142 3458; x_wconf 93' lang='lat' dir='ltr'><strong>il·</strong></span> <span class='ocrx_word' id='word_1_476' title='bbox 1191 3392 1333 3483; x_wconf 85' lang='lat' dir='ltr'><strong>minibus</strong></span> <span class='ocrx_word' id='word_1_477' title='bbox 1516 3412 1643 3467; x_wconf 88' lang='lat' dir='ltr'><strong>eorum,</strong></span> <span class='ocrx_word' id='word_1_478' title='bbox 1664 3393 1858 3459; x_wconf 79' lang='lat' dir='ltr'><strong>dimittetet</strong></span> <span class='ocrx_word' id='word_1_479' title='bbox 1879 3391 1977 3472; x_wconf 81' lang='lat' dir='ltr'><strong>vohis</strong></span> <span class='ocrx_word' id='word_1_480' title='bbox 1999 3389 2104 3458; x_wconf 71' lang='lat' dir='ltr'><strong>Pate</strong></span> <span class='ocrx_word' id='word_1_481' title='bbox 2117 3408 2180 3456; x_wconf 75' lang='lat' dir='ltr'><strong>ve-</strong></span> 
     </span>
     <span class='ocr_line' id='line_1_35' title="bbox 159 3474 2176 3565; baseline -0 -21"><span class='ocrx_word' id='word_1_482' title='bbox 159 3474 239 3558; x_wconf 84' lang='lat' dir='ltr'><strong>lud,</strong></span> <span class='ocrx_word' id='word_1_483' title='bbox 259 3478 306 3547; x_wconf 77' lang='lat' dir='ltr'><strong>Si</strong></span> <span class='ocrx_word' id='word_1_484' title='bbox 332 3498 397 3545; x_wconf 88' lang='lat' dir='ltr'><strong>nos</strong></span> <span class='ocrx_word' id='word_1_485' title='bbox 415 3481 666 3561; x_wconf 87' lang='lat' dir='ltr'><strong>indicaremus,</strong></span> <span class='ocrx_word' id='word_1_486' title='bbox 694 3500 762 3547; x_wconf 90' lang='lat' dir='ltr'><strong>nou</strong></span> <span class='ocrx_word' id='word_1_487' title='bbox 789 3479 1010 3546; x_wconf 88' lang='lat' dir='ltr'><strong>iudicaremur</strong></span> <span class='ocrx_word' id='word_1_488' title='bbox 1031 3499 1053 3545; x_wconf 86' lang='lat' dir='ltr'><strong>a</strong></span> <span class='ocrx_word' id='word_1_489' title='bbox 1073 3476 1142 3545; x_wconf 75' lang='lat' dir='ltr'><strong>Do</strong></span> <span class='ocrx_word' id='word_1_490' title='bbox 1191 3490 1262 3546; x_wconf 88' lang='lat' dir='ltr'><strong>ster</strong></span> <span class='ocrx_word' id='word_1_491' title='bbox 1284 3497 1326 3545; x_wconf 89' lang='lat' dir='ltr'><strong>co</strong></span> <span class='ocrx_word' id='word_1_492' title='bbox 1360 3479 1444 3546; x_wconf 87' lang='lat' dir='ltr'><strong>estis</strong></span> <span class='ocrx_word' id='word_1_493' title='bbox 1467 3477 1589 3545; x_wconf 80' lang='lat' dir='ltr'><strong>delicta</strong></span> <span class='ocrx_word' id='word_1_494' title='bbox 1616 3489 1742 3545; x_wconf 68' lang='lat' dir='ltr'><strong>vestre</strong></span> <span class='ocrx_word' id='word_1_495' title='bbox 1784 3477 1849 3544; x_wconf 86' lang='lat' dir='ltr'><strong>llic</strong></span> <span class='ocrx_word' id='word_1_496' title='bbox 1877 3475 2176 3565; x_wconf 81' lang='lat' dir='ltr'><strong>requirituropne,¹</strong></span> 
     </span>
     <span class='ocr_line' id='line_1_36' title="bbox 160 3563 2177 3650; baseline -0.001 -20"><span class='ocrx_word' id='word_1_497' title='bbox 160 3564 261 3631; x_wconf 87' lang='lat' dir='ltr'><strong>mino.</strong></span> <span class='ocrx_word' id='word_1_498' title='bbox 307 3563 350 3631; x_wconf 83' lang='lat' dir='ltr'><strong>llt</strong></span> <span class='ocrx_word' id='word_1_499' title='bbox 371 3567 529 3633; x_wconf 81' lang='lat' dir='ltr'><strong>ieremias</strong></span> <span class='ocrx_word' id='word_1_500' title='bbox 548 3585 605 3632; x_wconf 83' lang='lat' dir='ltr'><strong>xv.</strong></span> <span class='ocrx_word' id='word_1_501' title='bbox 649 3566 686 3633; x_wconf 84' lang='lat' dir='ltr'><strong>Si</strong></span> <span class='ocrx_word' id='word_1_502' title='bbox 708 3566 926 3645; x_wconf 89' lang='lat' dir='ltr'><strong>conuerteris,</strong></span> <span class='ocrx_word' id='word_1_503' title='bbox 949 3576 1142 3632; x_wconf 78' lang='lat' dir='ltr'><strong>muuertam</strong></span> <span class='ocrx_word' id='word_1_504' title='bbox 1192 3564 1375 3632; x_wconf 85' lang='lat' dir='ltr'><strong>et-additur</strong></span> <span class='ocrx_word' id='word_1_505' title='bbox 1395 3566 1574 3649; x_wconf 89' lang='lat' dir='ltr'><strong>promissio</strong></span> <span class='ocrx_word' id='word_1_506' title='bbox 1597 3565 1804 3631; x_wconf 79' lang='lat' dir='ltr'><strong>remissionis</strong></span> <span class='ocrx_word' id='word_1_507' title='bbox 1820 3575 2177 3650; x_wconf 62' lang='lat' dir='ltr'><strong>peccatorumque</strong></span> 
     </span>
     <span class='ocr_line' id='line_1_37' title="bbox 159 3645 2178 3802; baseline -0.001 -86"><span class='ocrx_word' id='word_1_508' title='bbox 159 3660 211 3730; x_wconf 91' lang='lat' dir='ltr'><strong>te,</strong></span> <span class='ocrx_word' id='word_1_509' title='bbox 244 3649 287 3716; x_wconf 85' lang='lat' dir='ltr'><strong>Et</strong></span> <span class='ocrx_word' id='word_1_510' title='bbox 314 3649 498 3718; x_wconf 82' lang='lat' dir='ltr'><strong>Zachariae</strong></span> <span class='ocrx_word' id='word_1_511' title='bbox 524 3651 650 3738; x_wconf 89' lang='lat' dir='ltr'><strong>primo,</strong></span> <span class='ocrx_word' id='word_1_512' title='bbox 673 3649 911 3718; x_wconf 81' lang='lat' dir='ltr'><strong>Conuertimini</strong></span> <span class='ocrx_word' id='word_1_513' title='bbox 938 3651 1074 3730; x_wconf 86' lang='lat' dir='ltr'><strong>adme,</strong></span> <span class='ocrx_word' id='word_1_514' title='bbox 1109 3659 1143 3717; x_wconf 91' lang='lat' dir='ltr'><strong>et</strong></span> <span class='ocrx_word' id='word_1_515' title='bbox 1191 3650 1261 3716; x_wconf 88' lang='lat' dir='ltr'><strong>non</strong></span> <span class='ocrx_word' id='word_1_516' title='bbox 1290 3649 1453 3735; x_wconf 78' lang='lat' dir='ltr'><strong>contingit</strong></span> <span class='ocrx_word' id='word_1_517' title='bbox 1479 3661 1615 3755; x_wconf 87' lang='lat' dir='ltr'><strong>propter</strong></span> <span class='ocrx_word' id='word_1_518' title='bbox 1638 3671 1738 3802; x_wconf 70' lang='lat' dir='ltr'><strong>qpm,</strong></span> <span class='ocrx_word' id='word_1_519' title='bbox 1761 3651 1824 3716; x_wconf 87' lang='lat' dir='ltr'><strong>sed</strong></span> <span class='ocrx_word' id='word_1_520' title='bbox 1848 3660 1987 3734; x_wconf 89' lang='lat' dir='ltr'><strong>propter</strong></span> <span class='ocrx_word' id='word_1_521' title='bbox 2005 3645 2178 3714; x_wconf 74' lang='lat' dir='ltr'><strong>christu</strong></span> 
     </span>
    </p>
   </div>
   <div class='ocr_carea' id='block_1_4' title="bbox 158 3732 2180 5005">
    <p class='ocr_par' dir='ltr' id='par_1_4' title="bbox 158 3732 2180 5005">
     <span class='ocr_line' id='line_1_38' title="bbox 160 3732 2177 3887; baseline 0 -87"><span class='ocrx_word' id='word_1_522' title='bbox 160 3746 435 3840; x_wconf 58' lang='lat' dir='ltr'><strong>egomoquertar</strong></span> <span class='ocrx_word' id='word_1_523' title='bbox 459 3737 508 3840; x_wconf 76' lang='lat' dir='ltr'><strong>ed</strong></span> <span class='ocrx_word' id='word_1_524' title='bbox 531 3756 613 3814; x_wconf 80' lang='lat' dir='ltr'><strong>vos,</strong></span> <span class='ocrx_word' id='word_1_525' title='bbox 645 3735 688 3801; x_wconf 81' lang='lat' dir='ltr'><strong>itt</strong></span> <span class='ocrx_word' id='word_1_526' title='bbox 718 3735 810 3802; x_wconf 82' lang='lat' dir='ltr'><strong>Psal.</strong></span> <span class='ocrx_word' id='word_1_527' title='bbox 827 3736 967 3802; x_wconf 84' lang='lat' dir='ltr'><strong>xxxxix.</strong></span> <span class='ocrx_word' id='word_1_528' title='bbox 1017 3735 1142 3802; x_wconf 84' lang='lat' dir='ltr'><strong>lnuooa</strong></span> <span class='ocrx_word' id='word_1_529' title='bbox 1191 3734 1379 3887; x_wconf 65' lang='lat' dir='ltr'><strong>qquidam,</strong></span> <span class='ocrx_word' id='word_1_530' title='bbox 1399 3737 1494 3840; x_wconf 73' lang='lat' dir='ltr'><strong>Sicut</strong></span> <span class='ocrx_word' id='word_1_531' title='bbox 1511 3732 1589 3801; x_wconf 90' lang='lat' dir='ltr'><strong>ahhi</strong></span> <span class='ocrx_word' id='word_1_532' title='bbox 1606 3756 1639 3801; x_wconf 88' lang='lat' dir='ltr'><strong>m</strong></span> <span class='ocrx_word' id='word_1_533' title='bbox 1674 3738 1718 3802; x_wconf 90' lang='lat' dir='ltr'><strong>tis</strong></span> <span class='ocrx_word' id='word_1_534' title='bbox 1737 3733 1826 3804; x_wconf 82' lang='lat' dir='ltr'><strong>locis</strong></span> <span class='ocrx_word' id='word_1_535' title='bbox 1841 3745 1984 3801; x_wconf 83' lang='lat' dir='ltr'><strong>testetur</strong></span> <span class='ocrx_word' id='word_1_536' title='bbox 2000 3733 2177 3820; x_wconf 58' lang='lat' dir='ltr'><strong>scriptum</strong></span> 
     </span>
     <span class='ocr_line' id='line_1_39' title="bbox 159 3819 2177 4007; baseline 0 -37"><span class='ocrx_word' id='word_1_537' title='bbox 159 3840 214 3887; x_wconf 54' lang='lat' dir='ltr'><strong>me</strong></span> <span class='ocrx_word' id='word_1_538' title='bbox 217 3944 221 3957; x_wconf 49' lang='grc' dir='ltr'><strong>ι</strong></span> <span class='ocrx_word' id='word_1_539' title='bbox 236 3819 464 3975; x_wconf 44' lang='grc' dir='ltr'><strong>1511·οίιίιιιῗοιῗὶιιιὲιιι</strong></span> <span class='ocrx_word' id='word_1_540' title='bbox 462 3821 656 3993; x_wconf 51' lang='lat' dir='ltr'><strong>:mmm</strong></span> <span class='ocrx_word' id='word_1_541' title='bbox 680 3926 718 3971; x_wconf 90' lang='lat' dir='ltr'><strong>re</strong></span> <span class='ocrx_word' id='word_1_542' title='bbox 765 3903 882 3971; x_wconf 85' lang='lat' dir='ltr'><strong>luein</strong></span> <span class='ocrx_word' id='word_1_543' title='bbox 910 3905 1064 3973; x_wconf 86' lang='lat' dir='ltr'><strong>omnibus</strong></span> <span class='ocrx_word' id='word_1_544' title='bbox 1085 3924 1142 3972; x_wconf 91' lang='lat' dir='ltr'><strong>en·</strong></span> <span class='ocrx_word' id='word_1_545' title='bbox 1192 3831 1338 3983; x_wconf 58' lang='lat' dir='ltr'><strong>hibtellllln</strong></span> <span class='ocrx_word' id='word_1_546' title='bbox 1354 3819 1836 3991; x_wconf 44' lang='lat' dir='ltr'><strong>qfflpgqugnqfflpffi</strong></span> <span class='ocrx_word' id='word_1_547' title='bbox 1854 3820 2177 4007; x_wconf 45' lang='lat' dir='ltr'><strong>fflqemqgrpss</strong></span> 
     </span>
     <span class='ocr_line' id='line_1_40' title="bbox 160 3926 2174 4093; baseline 0.001 -38"><span class='ocrx_word' id='word_1_548' title='bbox 160 3993 280 4076; x_wconf 71' lang='lat' dir='ltr'><strong>conniis</strong></span> <span class='ocrx_word' id='word_1_549' title='bbox 307 4011 465 4078; x_wconf 88' lang='lat' dir='ltr'><strong>operum,</strong></span> <span class='ocrx_word' id='word_1_550' title='bbox 484 3994 525 4058; x_wconf 77' lang='lat' dir='ltr'><strong>&#39;in</strong></span> <span class='ocrx_word' id='word_1_551' title='bbox 553 3926 799 4078; x_wconf 65' lang='lat' dir='ltr'><strong>pmedioatlouno</strong></span> <span class='ocrx_word' id='word_1_552' title='bbox 827 3989 933 4080; x_wconf 77' lang='lat' dir='ltr'><strong>legis,</strong></span> <span class='ocrx_word' id='word_1_553' title='bbox 965 3992 1057 4078; x_wconf 91' lang='lat' dir='ltr'><strong>quod</strong></span> <span class='ocrx_word' id='word_1_554' title='bbox 1085 3989 1142 4058; x_wconf 83' lang='lat' dir='ltr'><strong>lex</strong></span> <span class='ocrx_word' id='word_1_555' title='bbox 1192 4012 1269 4059; x_wconf 90' lang='lat' dir='ltr'><strong>men</strong></span> <span class='ocrx_word' id='word_1_556' title='bbox 1280 3993 1364 4072; x_wconf 85' lang='lat' dir='ltr'><strong>elus,</strong></span> <span class='ocrx_word' id='word_1_557' title='bbox 1376 3995 1561 4080; x_wconf 83' lang='lat' dir='ltr'><strong>omnesqui</strong></span> <span class='ocrx_word' id='word_1_558' title='bbox 1576 3996 1716 4060; x_wconf 82' lang='lat' dir='ltr'><strong>creduut</strong></span> <span class='ocrx_word' id='word_1_559' title='bbox 1732 3991 1939 4093; x_wconf 70' lang='lat' dir='ltr'><strong>ineam-lit</strong></span> <span class='ocrx_word' id='word_1_560' title='bbox 1954 3988 2174 4087; x_wconf 63' lang='lat' dir='ltr'><strong>.l.lohau·lju</strong></span> 
     </span>
     <span class='ocr_line' id='line_1_41' title="bbox 158 4076 2178 4168; baseline -0.001 -25"><span class='ocrx_word' id='word_1_561' title='bbox 158 4096 229 4143; x_wconf 91' lang='lat' dir='ltr'><strong>non</strong></span> <span class='ocrx_word' id='word_1_562' title='bbox 250 4077 417 4143; x_wconf 70' lang='lat' dir='ltr'><strong>termino·</strong></span> <span class='ocrx_word' id='word_1_563' title='bbox 433 4077 588 4167; x_wconf 78' lang='lat' dir='ltr'><strong>christo,</strong></span> <span class='ocrx_word' id='word_1_564' title='bbox 604 4076 712 4144; x_wconf 75' lang='lat' dir='ltr'><strong>Siout</strong></span> <span class='ocrx_word' id='word_1_565' title='bbox 737 4079 812 4164; x_wconf 83' lang='lat' dir='ltr'><strong>ipse</strong></span> <span class='ocrx_word' id='word_1_566' title='bbox 833 4078 957 4165; x_wconf 88' lang='lat' dir='ltr'><strong>inquit,</strong></span> <span class='ocrx_word' id='word_1_567' title='bbox 985 4079 1067 4144; x_wconf 87' lang='lat' dir='ltr'><strong>Sine</strong></span> <span class='ocrx_word' id='word_1_568' title='bbox 1088 4098 1142 4168; x_wconf 87' lang='lat' dir='ltr'><strong>me</strong></span> <span class='ocrx_word' id='word_1_569' title='bbox 1191 4076 1412 4145; x_wconf 75' lang='lat' dir='ltr'><strong>Remittentur</strong></span> <span class='ocrx_word' id='word_1_570' title='bbox 1453 4080 1551 4146; x_wconf 80' lang='lat' dir='ltr'><strong>vohis</strong></span> <span class='ocrx_word' id='word_1_571' title='bbox 1589 4090 1730 4164; x_wconf 85' lang='lat' dir='ltr'><strong>peccate</strong></span> <span class='ocrx_word' id='word_1_572' title='bbox 1766 4089 1905 4164; x_wconf 83' lang='lat' dir='ltr'><strong>propter</strong></span> <span class='ocrx_word' id='word_1_573' title='bbox 1933 4095 2060 4142; x_wconf 80' lang='grc' dir='ltr'><strong>ιιοιιοιι</strong></span> <span class='ocrx_word' id='word_1_574' title='bbox 2091 4076 2178 4142; x_wconf 70' lang='lat' dir='ltr'><strong>eiua</strong></span> 
     </span>
     <span class='ocr_line' id='line_1_42' title="bbox 159 4161 2177 4270; baseline -0.004 -35"><span class='ocrx_word' id='word_1_575' title='bbox 159 4161 402 4248; x_wconf 71' lang='lat' dir='ltr'><strong>nillilpotestis</strong></span> <span class='ocrx_word' id='word_1_576' title='bbox 424 4162 548 4231; x_wconf 82' lang='lat' dir='ltr'><strong>iacere.</strong></span> <span class='ocrx_word' id='word_1_577' title='bbox 592 4162 674 4229; x_wconf 90' lang='lat' dir='ltr'><strong>item</strong></span> <span class='ocrx_word' id='word_1_578' title='bbox 695 4164 786 4249; x_wconf 89' lang='lat' dir='ltr'><strong>quod</strong></span> <span class='ocrx_word' id='word_1_579' title='bbox 807 4165 882 4229; x_wconf 90' lang='lat' dir='ltr'><strong>sine</strong></span> <span class='ocrx_word' id='word_1_580' title='bbox 903 4163 969 4228; x_wconf 83' lang='lat' dir='ltr'><strong>lide</strong></span> <span class='ocrx_word' id='word_1_581' title='bbox 989 4164 1142 4249; x_wconf 87' lang='lat' dir='ltr'><strong>impossi-</strong></span> <span class='ocrx_word' id='word_1_582' title='bbox 1192 4162 1295 4248; x_wconf 84' lang='lat' dir='ltr'><strong>Ephe.</strong></span> <span class='ocrx_word' id='word_1_583' title='bbox 1318 4165 1347 4226; x_wconf 85' lang='grc' dir='ltr'><strong>Ι.</strong></span> <span class='ocrx_word' id='word_1_584' title='bbox 1385 4163 1423 4229; x_wconf 95' lang='lat' dir='ltr'><strong>ln</strong></span> <span class='ocrx_word' id='word_1_585' title='bbox 1455 4185 1522 4270; x_wconf 87' lang='lat' dir='ltr'><strong>quo</strong></span> <span class='ocrx_word' id='word_1_586' title='bbox 1548 4164 1712 4232; x_wconf 84' lang='lat' dir='ltr'><strong>hahermm</strong></span> <span class='ocrx_word' id='word_1_587' title='bbox 1733 4164 1996 4250; x_wconf 80' lang='lat' dir='ltr'><strong>redemptionem</strong></span> <span class='ocrx_word' id='word_1_588' title='bbox 2016 4182 2082 4249; x_wconf 90' lang='lat' dir='ltr'><strong>per</strong></span> <span class='ocrx_word' id='word_1_589' title='bbox 2096 4178 2177 4226; x_wconf 75' lang='lat' dir='ltr'><strong>ne-</strong></span> 
     </span>
     <span class='ocr_line' id='line_1_43' title="bbox 161 4246 2180 4336; baseline 0.003 -22"><span class='ocrx_word' id='word_1_590' title='bbox 161 4247 227 4314; x_wconf 91' lang='lat' dir='ltr'><strong>bile</strong></span> <span class='ocrx_word' id='word_1_591' title='bbox 255 4251 299 4315; x_wconf 92' lang='lat' dir='ltr'><strong>sit</strong></span> <span class='ocrx_word' id='word_1_592' title='bbox 325 4247 463 4335; x_wconf 78' lang='lat' dir='ltr'><strong>placere</strong></span> <span class='ocrx_word' id='word_1_593' title='bbox 483 4247 569 4315; x_wconf 81' lang='lat' dir='ltr'><strong>Deo.</strong></span> <span class='ocrx_word' id='word_1_594' title='bbox 613 4248 842 4314; x_wconf 80' lang='lat' dir='ltr'><strong>Certissimum</strong></span> <span class='ocrx_word' id='word_1_595' title='bbox 869 4260 923 4313; x_wconf 86' lang='lat' dir='ltr'><strong>est</strong></span> <span class='ocrx_word' id='word_1_596' title='bbox 943 4249 1030 4314; x_wconf 90' lang='lat' dir='ltr'><strong>enim</strong></span> <span class='ocrx_word' id='word_1_597' title='bbox 1051 4250 1142 4334; x_wconf 88' lang='lat' dir='ltr'><strong>quod</strong></span> <span class='ocrx_word' id='word_1_598' title='bbox 1192 4252 1325 4336; x_wconf 71' lang='lat' dir='ltr'><strong>guine-</strong></span> <span class='ocrx_word' id='word_1_599' title='bbox 1358 4250 1430 4316; x_wconf 86' lang='lat' dir='ltr'><strong>eius</strong></span> <span class='ocrx_word' id='word_1_600' title='bbox 1461 4271 1497 4316; x_wconf 91' lang='grc' dir='ltr'><strong>ιιι</strong></span> <span class='ocrx_word' id='word_1_601' title='bbox 1524 4251 1755 4316; x_wconf 87' lang='lat' dir='ltr'><strong>remissionem</strong></span> <span class='ocrx_word' id='word_1_602' title='bbox 1785 4256 2013 4336; x_wconf 73' lang='lat' dir='ltr'><strong>peccatorum.</strong></span> <span class='ocrx_word' id='word_1_603' title='bbox 2066 4246 2180 4321; x_wconf 55' lang='lat' dir='ltr'><strong>QUI</strong></span> 
     </span>
     <span class='ocr_line' id='line_1_44' title="bbox 160 4325 2177 4421; baseline -0.001 -21"><span class='ocrx_word' id='word_1_604' title='bbox 160 4335 313 4401; x_wconf 84' lang='lat' dir='ltr'><strong>doctrino</strong></span> <span class='ocrx_word' id='word_1_605' title='bbox 343 4332 431 4420; x_wconf 79' lang='lat' dir='ltr'><strong>legis</strong></span> <span class='ocrx_word' id='word_1_606' title='bbox 462 4355 531 4401; x_wconf 92' lang='lat' dir='ltr'><strong>non</strong></span> <span class='ocrx_word' id='word_1_607' title='bbox 562 4331 634 4400; x_wconf 83' lang='lat' dir='ltr'><strong>vult</strong></span> <span class='ocrx_word' id='word_1_608' title='bbox 661 4332 783 4400; x_wconf 88' lang='lat' dir='ltr'><strong>tollere</strong></span> <span class='ocrx_word' id='word_1_609' title='bbox 804 4332 897 4400; x_wconf 85' lang='lat' dir='ltr'><strong>Euan</strong></span> <span class='ocrx_word' id='word_1_610' title='bbox 964 4354 1039 4412; x_wconf 89' lang='lat' dir='ltr'><strong>um,</strong></span> <span class='ocrx_word' id='word_1_611' title='bbox 1072 4354 1141 4400; x_wconf 93' lang='lat' dir='ltr'><strong>non</strong></span> <span class='ocrx_word' id='word_1_612' title='bbox 1191 4354 1290 4421; x_wconf 88' lang='lat' dir='ltr'><strong>quam</strong></span> <span class='ocrx_word' id='word_1_613' title='bbox 1311 4334 1391 4420; x_wconf 90' lang='lat' dir='ltr'><strong>quid</strong></span> <span class='ocrx_word' id='word_1_614' title='bbox 1405 4355 1495 4421; x_wconf 86' lang='lat' dir='ltr'><strong>opus</strong></span> <span class='ocrx_word' id='word_1_615' title='bbox 1516 4346 1570 4401; x_wconf 86' lang='lat' dir='ltr'><strong>est</strong></span> <span class='ocrx_word' id='word_1_616' title='bbox 1590 4338 1734 4403; x_wconf 87' lang='lat' dir='ltr'><strong>recitare</strong></span> <span class='ocrx_word' id='word_1_617' title='bbox 1758 4335 1959 4402; x_wconf 80' lang='lat' dir='ltr'><strong>testimonia.</strong></span> <span class='ocrx_word' id='word_1_618' title='bbox 2001 4325 2101 4400; x_wconf 81' lang='lat' dir='ltr'><strong>lleeo</strong></span> <span class='ocrx_word' id='word_1_619' title='bbox 2120 4340 2177 4398; x_wconf 77' lang='lat' dir='ltr'><strong>eet</strong></span> 
     </span>
     <span class='ocr_line' id='line_1_45' title="bbox 160 4415 2174 4523; baseline 0 -39"><span class='ocrx_word' id='word_1_620' title='bbox 160 4418 233 4519; x_wconf 74' lang='lat' dir='ltr'><strong>yult</strong></span> <span class='ocrx_word' id='word_1_621' title='bbox 260 4418 388 4515; x_wconf 25' lang='lat' dir='ltr'><strong>tollere!</strong></span> <span class='ocrx_word' id='word_1_622' title='bbox 407 4421 664 4523; x_wconf 68' lang='lat' dir='ltr'><strong>propiciqtqrppn</strong></span> <span class='ocrx_word' id='word_1_623' title='bbox 681 4419 861 4485; x_wconf 88' lang='lat' dir='ltr'><strong>Christum.</strong></span> <span class='ocrx_word' id='word_1_624' title='bbox 935 4415 1141 4487; x_wconf 86' lang='lat' dir='ltr'><strong>tmaledieti</strong></span> <span class='ocrx_word' id='word_1_625' title='bbox 1190 4421 1266 4505; x_wconf 90' lang='lat' dir='ltr'><strong>ipsa</strong></span> <span class='ocrx_word' id='word_1_626' title='bbox 1302 4439 1369 4485; x_wconf 88' lang='lat' dir='ltr'><strong>vox</strong></span> <span class='ocrx_word' id='word_1_627' title='bbox 1399 4418 1574 4511; x_wconf 75' lang='lat' dir='ltr'><strong>Euergelij</strong></span> <span class='ocrx_word' id='word_1_628' title='bbox 1604 4422 1775 4517; x_wconf 69' lang='lat' dir='ltr'><strong>propria,</strong></span> <span class='ocrx_word' id='word_1_629' title='bbox 1797 4421 1888 4508; x_wconf 90' lang='lat' dir='ltr'><strong>quod</strong></span> <span class='ocrx_word' id='word_1_630' title='bbox 1913 4428 2055 4506; x_wconf 82' lang='lat' dir='ltr'><strong>propter</strong></span> <span class='ocrx_word' id='word_1_631' title='bbox 2081 4415 2174 4485; x_wconf 73' lang='lat' dir='ltr'><strong>t&#39;hrt</strong></span> 
     </span>
     <span class='ocr_line' id='line_1_46' title="bbox 159 4499 2175 4654; baseline -0 -82"><span class='ocrx_word' id='word_1_632' title='bbox 159 4499 227 4572; x_wconf 86' lang='lat' dir='ltr'><strong>elnt</strong></span> <span class='ocrx_word' id='word_1_633' title='bbox 239 4502 424 4586; x_wconf 83' lang='lat' dir='ltr'><strong>Pharisaei,</strong></span> <span class='ocrx_word' id='word_1_634' title='bbox 446 4507 638 4588; x_wconf 74' lang='lat' dir='ltr'><strong>aduersam</strong></span> <span class='ocrx_word' id='word_1_635' title='bbox 653 4505 760 4571; x_wconf 74' lang='lat' dir='ltr'><strong>rosor</strong></span> <span class='ocrx_word' id='word_1_636' title='bbox 777 4505 834 4654; x_wconf 91' lang='lat' dir='ltr'><strong>qui</strong></span> <span class='ocrx_word' id='word_1_637' title='bbox 851 4502 962 4591; x_wconf 82' lang='lat' dir='ltr'><strong>legem</strong></span> <span class='ocrx_word' id='word_1_638' title='bbox 977 4506 1025 4569; x_wconf 83' lang='lat' dir='ltr'><strong>ita</strong></span> <span class='ocrx_word' id='word_1_639' title='bbox 1040 4505 1141 4571; x_wconf 89' lang='lat' dir='ltr'><strong>inter·</strong></span> <span class='ocrx_word' id='word_1_640' title='bbox 1190 4517 1292 4584; x_wconf 90' lang='lat' dir='ltr'><strong>stum,</strong></span> <span class='ocrx_word' id='word_1_641' title='bbox 1314 4525 1382 4571; x_wconf 91' lang='lat' dir='ltr'><strong>nou</strong></span> <span class='ocrx_word' id='word_1_642' title='bbox 1403 4519 1542 4594; x_wconf 87' lang='lat' dir='ltr'><strong>propter</strong></span> <span class='ocrx_word' id='word_1_643' title='bbox 1563 4518 1681 4574; x_wconf 84' lang='lat' dir='ltr'><strong>nostra</strong></span> <span class='ocrx_word' id='word_1_644' title='bbox 1702 4528 1722 4603; x_wconf 83' lang='grc' dir='ltr'><strong>ο</strong></span> <span class='ocrx_word' id='word_1_645' title='bbox 1748 4526 1819 4587; x_wconf 87' lang='lat' dir='ltr'><strong>era,</strong></span> <span class='ocrx_word' id='word_1_646' title='bbox 1838 4504 1906 4572; x_wconf 84' lang='lat' dir='ltr'><strong>fide</strong></span> <span class='ocrx_word' id='word_1_647' title='bbox 1926 4514 2175 4591; x_wconf 66' lang='lat' dir='ltr'><strong>consequen</strong></span> 
     </span>
     <span class='ocr_line' id='line_1_47' title="bbox 278 4527 2177 4679; baseline 0 -23"><span class='ocrx_word' id='word_1_648' title='bbox 278 4603 346 4673; x_wconf 84' lang='lat' dir='ltr'><strong>tur,</strong></span> <span class='ocrx_word' id='word_1_649' title='bbox 363 4605 401 4658; x_wconf 78' lang='lat' dir='ltr'><strong>vt</strong></span> <span class='ocrx_word' id='word_1_650' title='bbox 422 4592 580 4676; x_wconf 80' lang='lat' dir='ltr'><strong>operibus</strong></span> <span class='ocrx_word' id='word_1_651' title='bbox 602 4591 749 4657; x_wconf 84' lang='lat' dir='ltr'><strong>tribuant</strong></span> <span class='ocrx_word' id='word_1_652' title='bbox 769 4591 909 4677; x_wconf 77' lang='lat' dir='ltr'><strong>goriam</strong></span> <span class='ocrx_word' id='word_1_653' title='bbox 931 4588 1068 4675; x_wconf 79' lang='lat' dir='ltr'><strong>Christi,</strong></span> <span class='ocrx_word' id='word_1_654' title='bbox 1091 4592 1140 4657; x_wconf 79' lang='lat' dir='ltr'><strong>ri·</strong></span> <span class='ocrx_word' id='word_1_655' title='bbox 1189 4591 1420 4658; x_wconf 85' lang='lat' dir='ltr'><strong>remissionem</strong></span> <span class='ocrx_word' id='word_1_656' title='bbox 1453 4602 1685 4679; x_wconf 87' lang='lat' dir='ltr'><strong>peccatorum,</strong></span> <span class='ocrx_word' id='word_1_657' title='bbox 1720 4527 1816 4662; x_wconf 75' lang='lat' dir='ltr'><strong>Deua</strong></span> <span class='ocrx_word' id='word_1_658' title='bbox 1849 4587 2027 4678; x_wconf 70' lang='lat' dir='ltr'><strong>Euangelii</strong></span> <span class='ocrx_word' id='word_1_659' title='bbox 2056 4607 2177 4656; x_wconf 73' lang='lat' dir='ltr'><strong>vocem</strong></span> 
     </span>
     <span class='ocr_line' id='line_1_48' title="bbox 159 4601 2177 4763; baseline -0.001 -20"><span class='ocrx_word' id='word_1_660' title='bbox 159 4601 281 4743; x_wconf 49' lang='lat' dir='ltr'><strong>dlrli&#39;c‘ell</strong></span> <span class='ocrx_word' id='word_1_661' title='bbox 307 4677 399 4763; x_wconf 90' lang='lat' dir='ltr'><strong>quod</strong></span> <span class='ocrx_word' id='word_1_662' title='bbox 428 4678 495 4744; x_wconf 90' lang='lat' dir='ltr'><strong>sint</strong></span> <span class='ocrx_word' id='word_1_663' title='bbox 520 4677 737 4762; x_wconf 79' lang='lat' dir='ltr'><strong>propiciatio,</strong></span> <span class='ocrx_word' id='word_1_664' title='bbox 766 4678 857 4762; x_wconf 90' lang='lat' dir='ltr'><strong>quod</strong></span> <span class='ocrx_word' id='word_1_665' title='bbox 879 4686 1068 4742; x_wconf 88' lang='lat' dir='ltr'><strong>mereantur</strong></span> <span class='ocrx_word' id='word_1_666' title='bbox 1088 4696 1140 4742; x_wconf 90' lang='lat' dir='ltr'><strong>re-</strong></span> <span class='ocrx_word' id='word_1_667' title='bbox 1189 4677 1373 4760; x_wconf 83' lang='lat' dir='ltr'><strong>eduorsarij</strong></span> <span class='ocrx_word' id='word_1_668' title='bbox 1390 4680 1509 4745; x_wconf 50' lang='lat' dir='ltr'><strong>,nostri</strong></span> <span class='ocrx_word' id='word_1_669' title='bbox 1542 4679 1687 4745; x_wconf 82' lang='lat' dir='ltr'><strong>obruere</strong></span> <span class='ocrx_word' id='word_1_670' title='bbox 1708 4686 1890 4756; x_wconf 82' lang='lat' dir='ltr'><strong>conantur,</strong></span> <span class='ocrx_word' id='word_1_671' title='bbox 1916 4673 2012 4743; x_wconf 72' lang='lat' dir='ltr'><strong>oeta</strong></span> <span class='ocrx_word' id='word_1_672' title='bbox 2034 4674 2177 4742; x_wconf 55' lang='lat' dir='ltr'><strong>detor&amp;</strong></span> 
     </span>
     <span class='ocr_line' id='line_1_49' title="bbox 159 4759 2175 4917; baseline 0.002 -91"><span class='ocrx_word' id='word_1_673' title='bbox 159 4763 350 4917; x_wconf 50' lang='lat' dir='ltr'><strong>magn</strong></span> <span class='ocrx_word' id='word_1_674' title='bbox 372 4775 612 4914; x_wconf 63' lang='lat' dir='ltr'><strong>peccatoqqm.¹</strong></span> <span class='ocrx_word' id='word_1_675' title='bbox 642 4760 1074 4915; x_wconf 47' lang='lat' dir='ltr'><strong>Wmoiqqrmfiqessmr</strong></span> <span class='ocrx_word' id='word_1_676' title='bbox 1086 4763 1141 4915; x_wconf 44' lang='grc' dir='ltr'><strong>ἐξ</strong></span> <span class='ocrx_word' id='word_1_677' title='bbox 1189 4759 1276 4827; x_wconf 88' lang='lat' dir='ltr'><strong>locis</strong></span> <span class='ocrx_word' id='word_1_678' title='bbox 1308 4764 1365 4849; x_wconf 90' lang='lat' dir='ltr'><strong>qui</strong></span> <span class='ocrx_word' id='word_1_679' title='bbox 1397 4764 1570 4830; x_wconf 85' lang='lat' dir='ltr'><strong>continent</strong></span> <span class='ocrx_word' id='word_1_680' title='bbox 1601 4764 1788 4832; x_wconf 77' lang='lat' dir='ltr'><strong>doetrhrem</strong></span> <span class='ocrx_word' id='word_1_681' title='bbox 1817 4761 1906 4866; x_wconf 71' lang='lat' dir='ltr'><strong>leg‘e</strong></span> <span class='ocrx_word' id='word_1_682' title='bbox 1937 4770 1996 4829; x_wconf 88' lang='lat' dir='ltr'><strong>eut</strong></span> <span class='ocrx_word' id='word_1_683' title='bbox 2024 4780 2175 4848; x_wconf 76' lang='lat' dir='ltr'><strong>opem·</strong></span> 
     </span>
     <span class='ocr_line' id='line_1_50' title="bbox 394 4868 2095 4922; baseline -0.005 -7"><span class='ocrx_word' id='word_1_684' title='bbox 394 4869 416 4915; x_wconf 87' lang='lat' dir='ltr'><strong>a</strong></span> <span class='ocrx_word' id='word_1_685' title='bbox 488 4870 510 4917; x_wconf 92' lang='lat' dir='ltr'><strong>u</strong></span> <span class='ocrx_word' id='word_1_686' title='bbox 613 4868 654 4914; x_wconf 87' lang='lat' dir='ltr'><strong>ac</strong></span> <span class='ocrx_word' id='word_1_687' title='bbox 782 4869 801 4913; x_wconf 93' lang='lat' dir='ltr'><strong>r</strong></span> <span class='ocrx_word' id='word_1_688' title='bbox 1022 4893 1032 4922; x_wconf 90' lang='lat'>‚</span> <span class='ocrx_word' id='word_1_689' title='bbox 1635 4892 1639 4899; x_wconf 85' lang='lat'><em>-</em></span> <span class='ocrx_word' id='word_1_690' title='bbox 1839 4884 1843 4891; x_wconf 90' lang='lat'>·</span> <span class='ocrx_word' id='word_1_691' title='bbox 1933 4900 1936 4905; x_wconf 95' lang='lat'>.</span> <span class='ocrx_word' id='word_1_692' title='bbox 2091 4902 2095 4907; x_wconf 86' lang='lat'><em>.</em></span> 
     </span>
     <span class='ocr_line' id='line_1_51' title="bbox 244 4867 1994 5005; baseline -0.001 -18"><span class='ocrx_word' id='word_1_693' title='bbox 244 4961 248 4965; x_wconf 96' lang='lat'>·</span> <span class='ocrx_word' id='word_1_694' title='bbox 334 4867 394 4931; x_wconf 60' lang='lat' dir='ltr'><em>W</em></span> <span class='ocrx_word' id='word_1_695' title='bbox 423 4894 434 4929; x_wconf 65' lang='grc'><strong><em>’</em></strong></span> <span class='ocrx_word' id='word_1_696' title='bbox 465 4871 489 4937; x_wconf 74' lang='lat' dir='ltr'>q</span> <span class='ocrx_word' id='word_1_697' title='bbox 576 4869 599 4936; x_wconf 63' lang='lat' dir='ltr'>p</span> <span class='ocrx_word' id='word_1_698' title='bbox 759 4870 782 4935; x_wconf 62' lang='lat' dir='ltr'><strong>P</strong></span> <span class='ocrx_word' id='word_1_699' title='bbox 821 4869 845 4937; x_wconf 67' lang='lat' dir='ltr'>P</span> <span class='ocrx_word' id='word_1_700' title='bbox 1063 4868 1087 4935; x_wconf 72' lang='lat' dir='ltr'>q</span> <span class='ocrx_word' id='word_1_701' title='bbox 1190 4933 1255 5001; x_wconf 74' lang='lat' dir='ltr'><strong>iiie)</strong></span> <span class='ocrx_word' id='word_1_702' title='bbox 1273 4935 1481 5003; x_wconf 78' lang='lat' dir='ltr'><strong>praedicatione]</strong></span> <span class='ocrx_word' id='word_1_703' title='bbox 1499 4934 1549 4988; x_wconf 74' lang='lat' dir='ltr'><strong>Ed</strong></span> <span class='ocrx_word' id='word_1_704' title='bbox 1570 4939 1594 4988; x_wconf 86' lang='lat' dir='ltr'><strong>l.</strong></span> <span class='ocrx_word' id='word_1_705' title='bbox 1615 4945 1667 5005; x_wconf 73' lang='lat' dir='ltr'><strong>epp.</strong></span> <span class='ocrx_word' id='word_1_706' title='bbox 1686 4953 1751 4989; x_wconf 72' lang='lat' dir='ltr'><strong>em:</strong></span> <span class='ocrx_word' id='word_1_707' title='bbox 1770 4935 1994 5003; x_wconf 78' lang='lat' dir='ltr'><strong>praedidioetioue</strong></span> 
     </span>
    </p>
   </div>
   <div class='ocr_carea' id='block_1_5' title="bbox 158 5017 2180 5363">
    <p class='ocr_par' dir='ltr' id='par_1_5' title="bbox 158 5017 2177 5089">
     <span class='ocr_line' id='line_1_52' title="bbox 158 5017 2177 5089; baseline 0.003 -23"><span class='ocrx_word' id='word_1_708' title='bbox 158 5036 369 5055; x_wconf 86' lang='lat'>—-····</span> <span class='ocrx_word' id='word_1_709' title='bbox 727 5028 732 5037; x_wconf 94' lang='grc'><strong><em>·</em></strong></span> <span class='ocrx_word' id='word_1_710' title='bbox 937 5040 939 5045; x_wconf 55' lang='grc'>’</span> <span class='ocrx_word' id='word_1_711' title='bbox 1210 5017 1241 5086; x_wconf 80' lang='lat'><strong>⁸)</strong></span> <span class='ocrx_word' id='word_1_712' title='bbox 1257 5018 1377 5073; x_wconf 70' lang='lat' dir='ltr'><strong>Actaeo</strong></span> <span class='ocrx_word' id='word_1_713' title='bbox 1392 5020 1469 5074; x_wconf 80' lang='lat' dir='ltr'><strong>cerdo</strong></span> <span class='ocrx_word' id='word_1_714' title='bbox 1491 5022 1656 5072; x_wconf 84' lang='lat' dir='ltr'><strong>Lutherus</strong></span> <span class='ocrx_word' id='word_1_715' title='bbox 1679 5022 1707 5071; x_wconf 82' lang='lat' dir='ltr'><strong>io</strong></span> <span class='ocrx_word' id='word_1_716' title='bbox 1728 5022 1842 5089; x_wconf 74' lang='lat' dir='ltr'><strong>mor-pise</strong></span> <span class='ocrx_word' id='word_1_717' title='bbox 1855 5021 1921 5089; x_wconf 63' lang='lat' dir='ltr'><strong>soii</strong></span> <span class='ocrx_word' id='word_1_718' title='bbox 1943 5020 1968 5074; x_wconf 78' lang='lat' dir='ltr'>B</span> <span class='ocrx_word' id='word_1_719' title='bbox 1991 5020 2024 5071; x_wconf 59' lang='grc' dir='ltr'><strong>θ</strong></span> <span class='ocrx_word' id='word_1_720' title='bbox 2042 5017 2109 5073; x_wconf 72' lang='lat' dir='ltr'><strong>loeo</strong></span> <span class='ocrx_word' id='word_1_721' title='bbox 2130 5019 2177 5073; x_wconf 76' lang='lat' dir='ltr'><strong>od-</strong></span> 
     </span>
    </p>

    <p class='ocr_par' dir='ltr' id='par_1_6' title="bbox 417 5088 2179 5157">
     <span class='ocr_line' id='line_1_53' title="bbox 417 5088 2179 5157; baseline 0.004 -23"><span class='ocrx_word' id='word_1_722' title='bbox 417 5136 420 5143; x_wconf 79' lang='grc'>,</span> <span class='ocrx_word' id='word_1_723' title='bbox 1063 5112 1070 5128; x_wconf 86' lang='lat'><strong>·</strong></span> <span class='ocrx_word' id='word_1_724' title='bbox 1259 5088 1374 5155; x_wconf 72' lang='lat' dir='ltr'><strong>scripsit:</strong></span> <span class='ocrx_word' id='word_1_725' title='bbox 1411 5089 1488 5151; x_wconf 82' lang='lat' dir='ltr'><strong>‚Non</strong></span> <span class='ocrx_word' id='word_1_726' title='bbox 1505 5104 1641 5155; x_wconf 85' lang='lat' dir='ltr'><strong>possumus</strong></span> <span class='ocrx_word' id='word_1_727' title='bbox 1658 5089 1805 5153; x_wconf 81' lang='lat' dir='ltr'><strong>remittere,</strong></span> <span class='ocrx_word' id='word_1_728' title='bbox 1823 5091 1876 5142; x_wconf 79' lang='lat' dir='ltr'><strong>ulei</strong></span> <span class='ocrx_word' id='word_1_729' title='bbox 1898 5092 1969 5157; x_wconf 85' lang='lat' dir='ltr'><strong>prius</strong></span> <span class='ocrx_word' id='word_1_730' title='bbox 1986 5091 2128 5142; x_wconf 80' lang='lat' dir='ltr'><strong>remissum</strong></span> <span class='ocrx_word' id='word_1_731' title='bbox 2144 5089 2179 5141; x_wconf 82' lang='lat' dir='ltr'><strong>sit</strong></span> 
     </span>
    </p>

    <p class='ocr_par' dir='ltr' id='par_1_7' title="bbox 160 5152 2178 5229">
     <span class='ocr_line' id='line_1_54' title="bbox 160 5152 2178 5229; baseline 0.002 -21"><span class='ocrx_word' id='word_1_732' title='bbox 160 5156 208 5223; x_wconf 72' lang='lat' dir='ltr'><strong>ie)</strong></span> <span class='ocrx_word' id='word_1_733' title='bbox 226 5156 259 5207; x_wconf 89' lang='lat' dir='ltr'><strong>de</strong></span> <span class='ocrx_word' id='word_1_734' title='bbox 276 5152 442 5223; x_wconf 76' lang='lat' dir='ltr'><strong>remisdoue]</strong></span> <span class='ocrx_word' id='word_1_735' title='bbox 459 5155 498 5207; x_wconf 82' lang='lat' dir='ltr'><strong>eie</strong></span> <span class='ocrx_word' id='word_1_736' title='bbox 514 5153 547 5208; x_wconf 82' lang='lat' dir='ltr'><strong>oi</strong></span> <span class='ocrx_word' id='word_1_737' title='bbox 562 5157 619 5225; x_wconf 75' lang='lat' dir='ltr'><strong>iper</strong></span> <span class='ocrx_word' id='word_1_738' title='bbox 629 5163 738 5229; x_wconf 78' lang='lat' dir='ltr'><strong>-osetore</strong></span> <span class='ocrx_word' id='word_1_739' title='bbox 753 5157 782 5207; x_wconf 81' lang='lat' dir='ltr'><strong>ie</strong></span> <span class='ocrx_word' id='word_1_740' title='bbox 798 5155 946 5222; x_wconf 70' lang='lat' dir='ltr'><strong>eporegiae</strong></span> <span class='ocrx_word' id='word_1_741' title='bbox 969 5155 1045 5208; x_wconf 68' lang='lat' dir='ltr'><strong>resto</strong></span> <span class='ocrx_word' id='word_1_742' title='bbox 1061 5170 1139 5208; x_wconf 79' lang='lat' dir='ltr'><strong>eem-</strong></span> <span class='ocrx_word' id='word_1_743' title='bbox 1259 5157 1336 5207; x_wconf 81' lang='lat' dir='ltr'><strong>uobis</strong></span> <span class='ocrx_word' id='word_1_744' title='bbox 1353 5164 1380 5209; x_wconf 86' lang='lat' dir='ltr'><strong>et</strong></span> <span class='ocrx_word' id='word_1_745' title='bbox 1395 5159 1487 5209; x_wconf 84' lang='lat' dir='ltr'><strong>missus</strong></span> <span class='ocrx_word' id='word_1_746' title='bbox 1504 5160 1540 5209; x_wconf 81' lang='lat' dir='ltr'><strong>eit</strong></span> <span class='ocrx_word' id='word_1_747' title='bbox 1556 5159 1632 5209; x_wconf 82' lang='lat' dir='ltr'><strong>uobis</strong></span> <span class='ocrx_word' id='word_1_748' title='bbox 1647 5159 1754 5225; x_wconf 83' lang='lat' dir='ltr'><strong>spiritus</strong></span> <span class='ocrx_word' id='word_1_749' title='bbox 1771 5166 1886 5211; x_wconf 74' lang='lat' dir='ltr'><strong>emotus.</strong></span> <span class='ocrx_word' id='word_1_750' title='bbox 1921 5156 2006 5225; x_wconf 63' lang='lat' dir='ltr'><strong>florii</strong></span> <span class='ocrx_word' id='word_1_751' title='bbox 2027 5154 2107 5225; x_wconf 67' lang='lat' dir='ltr'><strong>iride</strong></span> <span class='ocrx_word' id='word_1_752' title='bbox 2123 5168 2178 5213; x_wconf 66' lang='lat' dir='ltr'><strong>stt:</strong></span> 
     </span>
    </p>

    <p class='ocr_par' dir='ltr' id='par_1_8' title="bbox 199 5222 2180 5363">
     <span class='ocr_line' id='line_1_55' title="bbox 199 5222 2180 5363; baseline 0.002 -87"><span class='ocrx_word' id='word_1_753' title='bbox 199 5242 212 5259; x_wconf 95' lang='lat'><strong>··</strong></span> <span class='ocrx_word' id='word_1_754' title='bbox 230 5222 304 5276; x_wconf 74' lang='lat' dir='ltr'><strong>datae</strong></span> <span class='ocrx_word' id='word_1_755' title='bbox 321 5231 356 5278; x_wconf 77' lang='lat' dir='ltr'><strong>ut</strong></span> <span class='ocrx_word' id='word_1_756' title='bbox 374 5223 676 5362; x_wconf 51' lang='lat' dir='ltr'><strong>mmtypoprepie&#39;oaer</strong></span> <span class='ocrx_word' id='word_1_757' title='bbox 696 5226 831 5286; x_wconf 69' lang='lat' dir='ltr'><strong>mete,</strong></span> <span class='ocrx_word' id='word_1_758' title='bbox 853 5226 898 5291; x_wconf 80' lang='lat' dir='ltr'><strong>qei</strong></span> <span class='ocrx_word' id='word_1_759' title='bbox 916 5222 942 5277; x_wconf 75' lang='lat' dir='ltr'><strong>i.</strong></span> <span class='ocrx_word' id='word_1_760' title='bbox 960 5223 978 5276; x_wconf 84' lang='lat' dir='ltr'><strong>i.</strong></span> <span class='ocrx_word' id='word_1_761' title='bbox 998 5225 1027 5275; x_wconf 81' lang='lat' dir='ltr'><strong>is</strong></span> <span class='ocrx_word' id='word_1_762' title='bbox 1043 5223 1094 5277; x_wconf 76' lang='lat' dir='ltr'><strong>tid</strong></span> <span class='ocrx_word' id='word_1_763' title='bbox 1114 5225 1138 5276; x_wconf 87' lang='lat'><strong>1.</strong></span> <span class='ocrx_word' id='word_1_764' title='bbox 1277 5223 1337 5278; x_wconf 72' lang='lat' dir='ltr'><strong>stre</strong></span> <span class='ocrx_word' id='word_1_765' title='bbox 1352 5224 1421 5280; x_wconf 76' lang='lat' dir='ltr'><strong>ilice</strong></span> <span class='ocrx_word' id='word_1_766' title='bbox 1437 5226 1475 5280; x_wconf 84' lang='lat' dir='ltr'><strong>uit</strong></span> <span class='ocrx_word' id='word_1_767' title='bbox 1487 5225 1638 5363; x_wconf 46' lang='lat' dir='ltr'><strong>passim·</strong></span> <span class='ocrx_word' id='word_1_768' title='bbox 1665 5226 1789 5294; x_wconf 67' lang='lat' dir='ltr'><strong>(epieto</strong></span> <span class='ocrx_word' id='word_1_769' title='bbox 1807 5227 1825 5280; x_wconf 86' lang='lat' dir='ltr'><strong>i.</strong></span> <span class='ocrx_word' id='word_1_770' title='bbox 1842 5227 1862 5282; x_wconf 85' lang='lat' dir='ltr'><strong>t.</strong></span> <span class='ocrx_word' id='word_1_771' title='bbox 1875 5242 1906 5297; x_wconf 78' lang='lat' dir='ltr'><strong>p.</strong></span> <span class='ocrx_word' id='word_1_772' title='bbox 1923 5228 1984 5280; x_wconf 68' lang='lat' dir='ltr'><strong>iii.</strong></span> <span class='ocrx_word' id='word_1_773' title='bbox 2001 5226 2039 5280; x_wconf 74' lang='lat' dir='ltr'><strong>oi</strong></span> <span class='ocrx_word' id='word_1_774' title='bbox 2054 5225 2099 5279; x_wconf 80' lang='lat' dir='ltr'><strong>lie</strong></span> <span class='ocrx_word' id='word_1_775' title='bbox 2110 5243 2180 5299; x_wconf 74' lang='lat' dir='ltr'><strong>pae-</strong></span> 
     </span>
     <span class='ocr_line' id='line_1_56' title="bbox 229 5290 2036 5348; baseline 0.003 -1"><span class='ocrx_word' id='word_1_776' title='bbox 229 5301 391 5348; x_wconf 61' lang='grc' dir='ltr'><strong>Μ.</strong></span> <span class='ocrx_word' id='word_1_777' title='bbox 463 5295 469 5310; x_wconf 38' lang='lat' dir='ltr'><strong>l</strong></span> <span class='ocrx_word' id='word_1_778' title='bbox 532 5316 536 5325; x_wconf 83' lang='lat'><strong>¹</strong></span> <span class='ocrx_word' id='word_1_779' title='bbox 816 5320 819 5327; x_wconf 95' lang='lat'>&#39;</span> <span class='ocrx_word' id='word_1_780' title='bbox 894 5334 899 5343; x_wconf 90' lang='lat'>·</span> <span class='ocrx_word' id='word_1_781' title='bbox 981 5310 987 5327; x_wconf 70' lang='lat'><strong>&#39;&#39;</strong></span> <span class='ocrx_word' id='word_1_782' title='bbox 1274 5294 1280 5306; x_wconf 47' lang='lat'>⁸</span> <span class='ocrx_word' id='word_1_783' title='bbox 1374 5295 1381 5309; x_wconf 58' lang='lat'><strong>·</strong></span> <span class='ocrx_word' id='word_1_784' title='bbox 1477 5329 1486 5347; x_wconf 85' lang='lat' dir='ltr'><strong>e</strong></span> <span class='ocrx_word' id='word_1_785' title='bbox 1588 5290 1598 5305; x_wconf 40' lang='lat' dir='ltr'><strong>l</strong></span> <span class='ocrx_word' id='word_1_786' title='bbox 2033 5338 2036 5345; x_wconf 94' lang='lat'>·</span> 
     </span>
    </p>
   </div>
   <div class='ocr_carea' id='block_1_6' title="bbox 0 0 2352 6036">
    <p class='ocr_par' dir='ltr' id='par_1_9' title="bbox 0 0 2352 6036">
     <span class='ocr_line' id='line_1_57' title="bbox 0 0 2352 6036; baseline 0 0"><span class='ocrx_word' id='word_1_787' title='bbox 0 0 2352 6036; x_wconf 95' lang='lat' dir='ltr'><strong> </strong></span> 
     </span>
    </p>
   </div>
  </div>
 </body>
</html>
