4702 6030
690 238 1813 317 ramuauscarrrauooararroasrsrnaomca
2147 275 2160 297 ·
2234 248 2259 318 s

395 435 636 515 Consolatio
653 435 724 516 lpse
740 431 795 496 illo
814 388 1020 496 discumbis
1042 431 1129 496 libris
1152 431 1288 496 exhibita
1303 432 1352 494 sie
1372 440 1437 496 eret
1458 433 1618 516 maniplus

451 553 617 618 catholica
644 561 677 617 st
698 555 792 639 quest
815 560 1057 636 estmoraaea
1079 554 1243 635 responsio
1269 572 1361 634 asper
1385 536 1543 616 aomru'llie
1565 555 1710 618 articrsiie
1738 555 1925 620 Catholicae
1949 557 2040 622 Coeo.
2064 559 2142 622 Mai·
2172 559 2258 623 disee

492 640 602 703 diebro
623 643 657 702 in
681 640 792 704 Masta
815 638 974 723 imperiali
990 639 1177 720 Augusteum.
1198 659 1259 721 per
1286 639 1526 702 illustrissimum
1549 639 1725 707 Electsrem
1747 643 1912 707 Swoaioe
1938 651 1969 707 et
1998 644 2080 708 aliae
2106 646 2258 729 praedm

491 725 662 809 Principes
679 735 710 789 et
732 726 814 789 aras
833 729 978 789 ciuitates
996 724 1121 790 oblatis.

246 868 337 936 Maec
354 863 529 932 cannoto
548 885 568 926 a
584 864 751 946 tbeologis,
770 867 823 946 qai
842 864 885 927 nil
903 866 964 926 nisi
982 865 1042 926 vim
1064 863 1288 927 meditabantur
1304 870 1337 927 et
1353 862 1485 926 edictum
1511 864 1739 930 wormatiense
1767 871 1930 951 urgebant,
1958 890 2018 932 noa
2045 872 2089 932 ita
2115 870 2260 936 ademta

245 962 326 1039 eret,
351 960 387 1016 at
403 950 633 1034 praelegeretur
653 951 777 1033 publice
795 958 848 1014 aut
864 949 1049 1014 Lutberauis
1067 949 1234 1013 trademur
1254 949 1386 1031 legenda
1412 957 1445 1012 et
1470 952 1694 1032 perpendenda.
1739 953 1818 1019 'l'ota
1847 975 1997 1018 conversa
2017 957 2057 1019 ed
2078 955 2180 1019 solam
2203 954 2259 1021 lm·

242 1048 412 1126 potatorem
444 1038 503 1100 boc
521 1038 608 1099 uaice
626 1044 766 1119 spectare
788 1038 957 1109 videbatur,
975 1044 1008 1100 ut
1029 1039 1099 1099 eius
1121 1037 1251 1098 animum
1274 1043 1377 1099 contra
1404 1034 1595 1100 Lutberacos
1618 1060 1784 1121 eorumque
1811 1039 2048 1105 consessionem
2074 1043 2257 1107 incenderet·

244 1128 370 1208 Ubique
389 1131 469 1188 enirn
489 1143 529 1185 ea
549 1120 762 1205 lmperatorem
781 1124 955 1205 alloquitur,
977 1125 1092 1203 ubique
1113 1130 1258 1203 provocet
1278 1144 1359 1195 earn,
1376 1128 1411 1185 ut
1427 1122 1585 1187 admonerd
1607 1132 1640 1188 et
1653 1126 1764 1190 doceat
1775 1125 1935 1211 Principes
1951 1128 2156 1201 beruenses,
2180 1149 2259 1211 qnae

247 1234 332 1286 sera,
355 1211 447 1275 dubia
469 1217 522 1272 aut
543 1209 624 1272 salsa
640 1212 702 1273 siat
719 1231 823 1273 eoram
841 1211 994 1293 dogmata.
1039 1208 1139 1284 Quam
1157 1208 1197 1270 ob
1216 1228 1339 1271 causam
1359 1208 1436 1270 baec
1458 1207 1648 1274 hauddubie
1670 1233 1793 1295 quoque
1811 1215 1967 1297 displicuit
1989 1215 2163 1296 lmperatori
2186 1218 2258 1297 ipsi,

248 1301 342 1364 iudici
366 1297 488 1379 quidem
506 1316 621 1359 causae
639 1296 897 1369 Lutberaaorum,
919 1297 978 1358 sed
996 1317 1055 1358 noa
1072 1296 1270 1377 disceptaturi
1289 1303 1321 1357 et
1337 1294 1503 1376 indagaturi
1527 1294 1677 1362 doetrinae
1699 1302 1738 1363 ab
1761 1301 1858 1364 bisin
1886 1293 2093 1365 Contessioae
2121 1302 2258 1367 traditae.

246 1385 439 1452 libellorum
456 1390 559 1445 autem
582 1383 654 1445 buic
677 1380 887 1446 Conlutationi
905 1383 1089 1445 adiecturum
1108 1384 1183 1444 ratio
1202 1382 1320 1444 ridetur
1341 1382 1380 1442 ab
1399 1403 1436 1444 eo
1460 1381 1563 1442 babita
1579 1402 1652 1446 esso
1667 1385 1759 1468 pleae
1780 1387 1874 1468 nulla,
1894 1409 1985 1470 qaum
2005 1389 2159 1468 theologis
2176 1408 2257 1452 maa·

249 1473 360 1539 desset
379 1477 505 1540 mutum,
524 1476 558 1531 ut
576 1466 815 1531 confessionem
838 1469 1061 1532 aLutberanis
1080 1467 1244 1530 exbibitam
1264 1471 1468 1530 examinarent
1485 1475 1518 1530 et
1540 1466 1720 1545 refellerent,
1737 1495 1797 1535 non
1815 1495 1888 1536 vero
1901 1483 1934 1537 ut
1950 1483 2160 1557 recoquerent,
2179 1495 2257 1556 quae

247 1560 308 1621 iam
330 1563 400 1620 ante
419 1555 527 1617 decem
550 1576 647 1617 annos
666 1556 800 1618 fuissent
821 1557 936 1637 scripta
957 1555 1007 1616 vel
1025 1555 1213 1617 accidissent
1224 1558 1269 1630 ⁶).
1310 1551 1415 1635 ltaque
1437 1556 1615 1615 convocarit
1636 1556 1681 1620 die
1707 1564 1754 1622 15.
1773 1558 1842 1622 lulli
1865 1560 1998 1624 Ordines
2016 1561 2137 1644 lmperii
2157 1560 2259 1625 calbo·

247 1643 328 1708 deos
346 1663 412 1705 curu
436 1641 546 1704 civiles
564 1651 628 1704 turn
646 1641 899 1713 ecclesiasticos,
924 1649 958 1703 ut
974 1661 1081 1703 secum
1111 1641 1154 1703 de
1175 1639 1390 1703 Consolatione
1415 1641 1524 1703 tradita
1551 1639 1758 1718 deliberarent,
1782 1655 1814 1711 et
1840 1649 2076 1733 constituerent,
2105 1647 2258 1729 quomodo

249 1729 412 1795 concordia
429 1736 518 1789 esset
536 1727 733 1790 restituenda.
780 1727 841 1802 Qui
864 1748 931 1789 cum
950 1727 1010 1789 boc
1031 1747 1111 1809 opus
1129 1729 1220 1788 nimis
1237 1729 1345 1789 acriter
1363 1735 1395 1790 et
1411 1727 1542 1788 verbose
1566 1728 1801 1795 consarcinatum
1825 1753 1900 1796 esse
1922 1733 2143 1815 intelligerent,
2169 1753 2258 1815 quam

160 1837 161 1840 ’
249 1823 285 1881 ut
305 1819 374 1878 sine
394 1813 517 1875 fastidio
537 1816 566 1875 in
590 1834 744 1876 consessu
764 1814 887 1896 publico
906 1813 1041 1895 praelegi
1063 1822 1095 1875 et
1113 1815 1182 1875 sine
1204 1814 1411 1894 indignatione
1434 1814 1530 1875 audiri
1550 1819 1677 1893 posset,
1695 1827 1851 1882 suaserunt
1868 1827 1900 1882 et
1918 1821 2115 1883 decreverunt
2132 1822 2258 1882 auctori.
2322 1858 2329 1865 .

248 1911 312 1967 tate
336 1900 547 1982 Imperatoris,
577 1909 611 1962 ut
638 1900 793 1980 theologis
826 1900 1016 1976 redderetur,
1042 1901 1143 1980 iisque
1170 1898 1393 1980 retingendum,
1420 1903 1450 1961 in
1473 1900 1597 1961 brevius
1616 1896 1854 1977 castrehantam,
1878 1913 1926 1978 et,
1951 1929 1990 1968 ῃ,
2011 1906 2252 1970 Immemor-um

251 1984 525 2053 exacerbandomm
548 2006 627 2087 aava
643 1987 891 2068 suppeditaretur
912 1988 1047 2058 materia,
1069 1985 1261 2048 coutumeliis
1279 1986 1464 2069 purgandam
1487 1987 1698 2066 iniungeretur.
1778 2037 1781 2040 ⁴

263 2156 267 2165 ,
401 2097 488 2159 Haec
502 2099 607 2178 prima
635 2099 795 2161 verbosior
819 2095 997 2161 Confutatio
1023 2098 1062 2159 ab
1086 2095 1269 2179 lmperatore
1293 2118 1330 2159 ac
1358 2095 1552 2178 Principibus
1583 2097 1697 2157 reiecta
1719 2094 1840 2154 omnino
1860 2105 2019 2185 periisset,
2048 2106 2110 2166 „isi
2133 2100 2254 2165 (loch.

244 2183 558 2336 inecalsibpgpticulm
578 2185 658 2256 eius,
681 2204 792 2267 nempe
816 2184 1053 2246 coniurationem
1073 2191 1202 2265 quatuor
1223 2186 1354 2264 priorum
1377 2182 1569 2247 articulorum
1591 2181 1792 2263 Augustanos
1820 2175 2044 2263 consessionis,
2072 2192 2257 2254 {mmm

453 2379 657 2461 Philippicae
674 2387 680 2456 Ι
699 2388 829 2462 quatuor
845 2380 998 2445 lobannis
1017 2382 1022 2468 l
1044 2380 1173 2444 Coclites·
1178 2425 1189 2459 ‚
1207 2383 1242 2442 ia
1265 2380 1453 2462 Apologiam
1480 2377 1628 2460 Pttuppt
1650 2377 1770 2438 Melan·
1795 2383 1800 2458 Ι
1826 2374 1960 2438 οΙιίΙιοπὲ.
1979 2389 2024 2448 ad
2049 2386 2192 2450 cmlvm
2216 2387 2252 2454 γ,

497 2465 558 2527 Im.
576 2467 583 2547 Ι
598 2474 778 2547 portitorem
802 2465 1030 2540 Romanorum,
1044 2471 1150 2548 pium,
1168 2468 1176 2549 Ι
1191 2467 1355 2545 foelicem,
1383 2465 1654 2546 triumphatorem,
1672 2484 1748 2525 sem·
1768 2466 1773 2542 Ι
1793 2482 1854 2543 per
1876 2460 2046 2541 Augurem,
2066 2477 2071 2559 Ι
2090 2471 2252 2560 Lippus!

497 2552 541 2613 M.
555 2552 599 2613 D.
612 2551 787 2618 XXXIIII,
805 2552 811 2634 Ι
832 2554 994 2616 subiuncta
1011 2553 1250 2635 praefatiuncnld
1271 2553 1325 2614 Art
1346 2552 1508 2614 Lecturam
1526 2552 1680 2632 inscripti.
1701 2587 1744 2598 -
1765 2547 1811 2629 (ln
1833 2549 1921 2625 liner)
1940 2545 2059 2627 Lipara,
2080 2561 2255 2623 excudetur

497 2637 649 2700 Nicotaus
666 2640 727 2700 Fa·
746 2643 751 2716 Ι
772 2639 1074 2711 oer„oteue10nto
1096 2641 1190 2701 Anao
1209 2643 1215 2725 l
1233 2640 1279 2704 M.
1299 2636 1536 2702 D.XXX1111.
1562 2637 1649 2724 22¹),
1668 2636 1781 2719 plaga„
1805 2654 1932 2715 quarum
1951 2635 2058 2715 prime
2078 2647 2142 2732 11]²
2163 2649 2252 2728 signo

497 2745 623 2797 manus,
645 2732 766 2787 ceterae
784 2728 822 2786 21
842 2724 900 2788 litt
919 2726 1024 2788 A-ll
1044 2729 1183 2807 signatae
1205 2732 1293 2795 sunt,
1316 2729 1358 2789 90
1380 2724 1445 2787 loll.
1467 2745 1526 2786 uon
1546 2744 1640 2792 num,
1664 2729 1709 2785 4⁰.
1729 2720 1860 2802 (Pagina
1869 2719 1951 2783 tituli
1973 2740 2074 2786 aversa
2091 2741 2118 2795 et
2130 2736 2148 2793 2
2160 2753 2251 2814 seqq,

481 2813 651 2884 ,confluent
673 2808 822 2873 Cocblaei
842 2812 1005 2891 epistolam
1024 2821 1184 2895 nuncupat
1204 2812 1244 2874 ed
1267 2810 1391 2874 Petrum
1420 2810 1611 2893 Episcopum
1636 2805 1873 2871 cracoviensem
1900 2826 1938 2868 ex
1965 2805 2080 2869 Dresln
2104 2812 2149 2870 Vx
2177 2819 2251 2882 Idu.

497 2896 579 2978 Aug.
601 2901 694 2960 15³4.
717 2898 829 2975 datam,
847 2904 866 2960 7
885 2918 976 2980 pagg.
995 2901 1147 2979 subseqq.
1165 2898 1311 2960 exhibent
1327 2899 1516 2977 Argumenta
1533 2895 1771 2976 Philippicarum
1794 2894 1919 2965 1-1v.‚
1940 2898 2013 2973 post
2036 2891 2103 2957 brec
2120 2895 2150 2955 ia
2173 2907 2251 2968 sexti

499 2982 564 3046 iulii
582 3002 651 3066 pag.
674 3004 784 3046 aversa
809 2986 984 3066 proponitur
1008 2981 1177 3047 Confessio
1200 2982 1264 3045 lob.
1294 2980 1441 3058 (luclrlei3
1468 2981 1522 3048 lul.
1541 2984 1572 3044 A
1598 2978 1902 3043 1⁸-D1tmed
1936 2977 2064 3059 legiturr
2080 2974 2251 3064 Portippa,

498 3071 596 3152 prima
616 3067 681 3134 lob.
700 3067 832 3133 Gocblei
854 3071 884 3132 in
902 3069 1085 3154 Apologiam
1102 3069 1182 3133 Phil.
1202 3068 1465 3144 Melancbthonis,
1487 3068 1640 3149 deprimo
1659 3074 1691 3130 et
1711 3067 1802 3130 tertio
1813 3063 1961 3127 Articulis
1979 3062 2160 3129 Lutbsauae
2172 3066 2250 3132 Gon

497 3157 646 3219 sessionis
674 3158 838 3239 Augustae
866 3157 1033 3235 admissis3
1062 3157 1115 3220 iol.
1144 3156 1229 3220 ure
1250 3156 1331 3222 med.
1352 3155 1441 3219 -G
1464 3160 1498 3217 4·
1524 3153 1698 3236 Philippica
1726 3156 1765 3215 11.
1791 3152 1855 3218 lob.
1883 3148 1992 3214 Cocbl.
2018 3151 2048 3212 ln
2073 3152 2150 3234 apol.
2168 3154 2248 3221 Pbil

496 3241 586 3315 Met,
603 3243 645 3305 do
665 3243 804 3305 secuado
823 3239 912 3306 Cani.
935 3242 1120 3307 Lutbericae
1142 3242 1280 3318 articulo,
1303 3239 1336 3304 ln
1356 3262 1417 3323 quo
1435 3235 1598 3324 Augustae
1620 3247 1722 3303 attam
1745 3239 1802 3301 luit
1823 3238 1864 3299 de
1880 3236 2016 3300 Peccata
2034 3237 2173 3317 oritnali3
2195 3240 2248 3308 lul.

499 3327 582 3390 (ill
604 3365 646 3376 -
669 3327 698 3390 0
723 3332 757 3392 ³¹²
778 3329 950 3411 Philippica
967 3333 1025 3392 111.
1044 3330 1108 3394 lob.
1128 3327 1240 3396 (locbl.
1263 3332 1293 3392 in
1310 3329 1403 3412 Apol.
1421 3328 1502 3393 Pbil.
1522 3327 1614 3400 Mel,
1632 3325 1682 3388 De
1705 3333 1823 3407 quarto,
1843 3326 1947 3406 quinto
1966 3331 1998 3386 et
2014 3330 2096 3386 sexti
2110 3328 2247 3391 articulis

502 3412 693 3479 Lutberauaa
711 3413 812 3489 cont,
831 3417 883 3479 ubi
902 3418 1091 3500 disceptatur
1108 3417 1148 3479 de
1165 3417 1236 3479 sola
1252 3417 1323 3487 tide,
1346 3436 1436 3498 quam
1465 3414 1621 3479 Lutberus
1647 3414 1777 3487 asserit;
1801 3409 1901 3474 lol.'0
1921 3414 1955 3470 t·
1977 3444 2019 3456 -
2037 3409 2102 3471 Xi
2130 3411 2245 3496 Philip·

499 3502 568 3582 pica
585 3503 638 3562 1v.
657 3499 700 3565 lo.
719 3499 839 3576 Cocli,
857 3503 907 3566 De
937 3505 1069 3585 septimo
1089 3511 1121 3566 et
1149 3511 1255 3566 uotam
1280 3499 1369 3565 Gaui.
1392 3501 1484 3564 Lutb.
1510 3498 1663 3573 articulis,
1688 3500 1741 3562 ubi
1760 3500 1857 3579 agitur
1879 3496 1919 3558 de
1942 3494 2161 3567 Ecclesiamlt.
2190 3501 2242 3563 sol.

498 3587 529 3650 X
551 3592 571 3649 4
590 3595 687 3650 vacat.
722 3586 755 3651 ln
777 3591 912 3670 margine
930 3590 1098 3672 permultae
1116 3597 1230 3652 annott.
1249 3590 1388 3651 adiectae
1409 3589 1567 3668 κοίν’).
2240 3592 2247 3605 ”

402 3721 437 3786 ln
454 3722 647 3806 Philippicae
665 3728 689 3790 1.
713 3731 798 3807 parte
817 3734 951 3791 werna
968 3748 1011 3790 ar.
1032 3725 1286 3809 ausisausis
1305 3723 1333 3787 (l
1356 3731 1391 3790 3·
1411 3725 1491 3789 merl.
1502 3722 1587 3785 --D
1612 3724 1644 3785 1δ
1666 3720 1763 3799 med.)
1782 3717 2005 3781 (luciliacus
2029 3715 2128 3781 exbilt
2145 3717 2239 3785 istius

240 3813 369 3897 prime
388 3809 624 3890 Consulatioat's
651 3812 829 3893 particulam
852 3815 883 3876 ia
910 3815 1038 3895 pomum
1066 3820 1098 3877 et
1122 3812 1243 3876 tertium
1267 3809 1486 3876 confessionis
1513 3811 1715 3891 Augustanus
1735 3804 1882 3869 articulos
1904 3807 2065 3888 scriptam,
2094 3808 2118 3864 cl
2135 3806 2186 3870 lul.
2210 3806 2238 3872 c

248 3901 284 3963 2⁶
306 3904 381 3960 extr.
399 3932 443 3946 -
462 3901 497 3960 3·
516 3897 596 3959 med.
615 3897 729 3960 baseos
749 3897 971 3980 l’rolegomeaa
995 3901 1166 3981 praemisit:
1191 3898 1300 3962 „Nunc
1324 3918 1362 3961 ea
1382 3901 1496 3962 hubam
1514 3897 1700 3976 subiungere
1721 3891 1807 3965 libet,
1826 3912 1907 3973 quas
1930 3913 1988 3974 ego
2004 3894 2139 3972 Augusta
2161 3915 2237 3974 quo.

246 3984 376 4048 randena
398 3983 545 4064 petitione
568 4002 607 4046 ex
624 3987 774 4046 communi
799 3984 1025 4067 'l'lreologorunr
1053 3987 1272 4067 responsione,
1304 4005 1394 4067 quam
1417 3984 1461 4049 M.
1485 3983 1522 4048 T.
1547 3982 1741 4065 [Maiestatis
1758 3977 1859 4060 Tuae]
1889 3980 1979 4042 iussa
2011 3979 2041 4039 in
2069 3978 2234 4042 Lulsricam

245 4067 488 4134 Cauieaiuaem
511 4070 699 4145 adornarent,
718 4070 757 4132 ad
776 4070 819 4133 M.
838 4068 874 4134 Τ.
893 4070 1007 4135 reierre
1023 4070 1175 4146 volebam,
1193 4075 1222 4136 si
1244 4093 1303 4134 non
1321 4073 1497 4135 obstitisset
1518 4069 1706 4153 quorundam
1724 4065 1903 4141 consiliam,
1921 4068 1975 4148 qui
1993 4064 2140 4138 ludioabd
2152 4067 2233 4128 eius·

246 4157 331 4221 modi
354 4157 587 4238 responsionem
609 4157 676 4220 iore
693 4157 784 4220 nimis
806 4164 839 4221 et
858 4178 958 4223 acrem
977 4165 1009 4222 et
1027 4158 1185 4241 prolixam.
1229 4157 1411 4223 Metuebant
1432 4158 1524 4232 enlm,
1542 4177 1581 4220 ne
1601 4154 1679 4218 ioris
1700 4153 1845 4237 prolixior
1862 4151 1955 4222 iuret,
1974 4169 2065 4232 quam
2086 4156 2121 4211 at
2137 4154 2231 4232 leque

245 4241 378 4317 infidis
398 4243 598 4326 perlegimus
618 4264 680 4308 uao
702 4245 732 4307 in
750 4264 906 4309 comesu
923 4244 1045 4328 publica
1067 4247 1179 4328 possit.
1201 4244 1424 4310 submombaut
1440 4246 1525 4318 item,
1548 4242 1593 4306 ld.
1615 4240 1652 4304 Τ.
1677 4239 1776 4312 nolle,
1794 4244 1828 4301 ut
1852 4237 1996 4335 'absurdis
2020 4234 2229 4321 conuiuiorum

244 4642 249 4653 .
321 4630 342 4645 ··
404 4611 433 4661 et
448 4608 499 4661 alta
515 4607 579 4662 rial
595 4607 772 4673 contutttloat,
786 4614 818 4665 ut
835 4608 936 4664 meur
950 4608 1026 4669 nabis
1042 4608 1283 4663 mansnetsstmonr
1301 4609 1421 4663 caesrru
1437 4608 1537 4672 pedm·
1570 4599 1615 4653 lits
1638 4599 1737 4653 tribus
1759 4601 1877 4664 inimi
1897 4598 2078 4662 summme.
2112 4595 2139 4648 sl
2155 4600 2224 4653 min·

402 4681 457 4741 εει,
475 4677 505 4731 ut
520 4677 732 4742 respondendum
750 4677 800 4743 att,
816 4688 868 4742 eso
886 4677 1002 4744 protecto
1018 4678 1207 4733 mmunerebur
1222 4678 1286 4733 letos
1303 4678 1419 4733 neterlos
1436 4676 1506 4730 droa
1524 4669 1705 4732 unguinum*
1739 4668 1804 4723 lim
1827 4670 1902 4723 loeus
1919 4667 2045 4732 semdae
2067 4677 2084 4723 a
2104 4665 2138 4718 Br
2188 4670 2223 4723 ad

324 4758 357 4791 a·
402 4747 589 4802 tsenmruuum
607 4748 632 4801 d
649 4749 673 4798 t.
691 4749 756 4811 tus.
773 4748 887 4812 aduae
905 4749 945 4812 (tn
962 4749 1042 4802 butas
1058 4748 1132 4813 coru.
1150 4747 1203 4802 iot
1219 4747 1254 4802 11.
1269 4759 1295 4813 p.
1313 4745 1402 4812 arom
1427 4743 1556 4811 minius
1572 4739 1707 4802 venulas
1729 4739 1938 4803 praumatus
1961 4735 2071 4790 obsidet.
2104 4735 2224 4809 illesa·

403 4819 545 4881 mssemnt
560 4820 588 4870 et
604 4829 677 4871 mare
695 4814 829 4885 αἱρέσεων
843 4817 1051 4875 bumanorum
1067 4817 1283 4882 romanserunt
1319 4816 1370 4870 set
1388 4817 1455 4871 bueo
1469 4811 1558 4869 amula
1573 4820 1621 4873 ucr
1638 4820 1701 4865 snos
1718 4807 1816 4863 relecta
1832 4809 1862 4861 et
1878 4804 1966 4859 debu
1983 4802 2071 4859 sunt.“
2146 4848 2149 4853 .

238 4976 243 4985 θ
352 4901 382 4969 ·)
400 4901 470 4955 llaec
487 4900 625 4956 refellendi
642 4903 707 4957 ratto
724 4903 803 4957 suern
821 4903 855 4957 rb
873 4903 998 4968 bourona
1015 4902 1225 4968 mertoniana
1242 4903 1386 4968 lnpmbrm
1403 4905 1456 4985 eet2
1471 4899 1498 4955 te
1508 4896 1584 4980 ‚cuod
1601 4907 1634 4949 ex
1651 4894 1822 4949 mantuana
1839 4892 1949 4958 spalda
1967 4856 2219 5101 citimum

403 4539 491 4604 ,ltltto
507 4538 682 4593 uslausein
698 4539 862 4604 columma,
880 4550 947 4605 uuae
963 4543 1026 4595 snat
1041 4539 1155 4593 exbtbtta
1173 4538 1280 4593 cumen
1296 4552 1312 4594 ι
1329 4538 1427 4595 assde
1443 4528 1609 4592 adventatis.
1626 4529 1672 4585 abt
1687 4526 1797 4597 alieba,
1821 4529 1949 4585 aoeterato
1973 4526 2080 4582 musitio
2106 4514 2225 4791 ἄγω

405 4969 897 5037 e.ao.1uru1sao.usu(uautus
919 4973 995 5039 corp.
1018 4974 1074 5028 vol.
1090 4973 1126 5025 11.
1143 4985 1168 5039 p.
1186 4973 1262 5041 tet.)
1282 4972 1382 5026 clucet:
1403 4972 1475 5036 „rw
1496 4960 1660 5036 ammoto
1683 4958 1833 5015 isam
1857 4962 1929 5017 aaut
1951 4961 2030 5015 edem
2053 4961 2081 5015 lu
2103 4972 2135 5014 eo
2175 4963 2218 5019 llio

404 5039 518 5106 dixsse,
534 5040 584 5096 sibl
601 5040 683 5095 rideri
699 5053 752 5095 non
770 5040 932 5106 mumtumm
951 5038 986 5094 sd
1004 5052 1094 5107 paoem
1112 5048 1141 5097 et
1156 5041 1320 5097 maeordlsm
1341 5040 1413 5095 illam
1431 5039 1550 5095 mbram
1568 5033 1839 5090 murmurationem
1857 5031 1990 5096 mon·
2006 5041 2073 5098 tw

405 5108 497 5163 desem
515 5111 558 5163 rel
575 5110 671 5175 emate
688 5113 750 5164 sant
766 5111 809 5164 ret
826 5110 1000 5165 roetderunt“
2151 5118 2154 5125 '

342 5191 1037 5262 ⁸⁰)uuuuersemrusunesaumaeeees
2153 5266 2156 5275 Ι

2154 5330 2159 5391 l
